2534 4022
582 353 703 410 statua
718 351 776 406 vu.
1112 344 1152 404 59

182 511 335 584 Quantitm
350 510 392 572 vis
408 509 555 592 stipulare,
572 521 601 570 et
615 519 756 590 protenus
771 501 886 584 accipe,
902 494 981 581 quod
998 491 1047 568 do,
1092 491 1151 550 155

182 615 225 678 Ut
238 615 325 678 toties
337 615 418 676 illum
432 627 516 696 pater
531 611 639 673 audiat.
686 608 762 674 Haec
778 607 825 669 alii
839 624 895 668 sex

180 717 239 781 Vel
252 719 352 801 plures
366 739 426 779 uno
441 716 628 778 conclamant
641 733 694 775 ore
709 711 855 794 sophistae,

181 821 223 885 Et
237 808 323 886 ueras
338 823 446 904 agitant
460 821 534 896 lites,
549 831 666 901 raptore
681 816 784 878 relicto
797 837 806 892 3

139 918 146 926 ⁸
179 925 208 988 F
210 943 262 988 usa
276 947 393 992 venena
406 925 500 998 silent,
515 923 610 985 malus
623 923 811 1004 ingratusque
827 917 957 992 maritus,

133 1031 136 1038 ’
178 1029 220 1092 Et
236 1031 373 1115 quaejam
388 1044 504 1092 veteres
518 1041 620 1092 sanant
634 1027 772 1090 mortaria
786 1045 892 1088 caecos.
1089 1025 1150 1080 170

178 1133 262 1216 Ergo
277 1135 331 1197 sibi
346 1135 425 1196 dabit
439 1135 502 1217 ipse
516 1134 633 1209 rudem,
649 1133 672 1196 si
686 1145 785 1195 nostra
800 1127 959 1192 movebunt

179 1237 321 1313 Consilia,
337 1253 367 1300 et
381 1239 445 1300 vitae
462 1239 609 1300 diversum
624 1237 678 1298 iter
692 1235 881 1318 ingredietur,

177 1342 228 1402 Ad
242 1363 371 1424 pugnam
387 1343 436 1424 qui
451 1341 597 1403 rhetorical
612 1339 766 1401 descendit
781 1339 818 1398 ab
833 1333 947 1408 umbria,

179 1443 335 1506 Summula
349 1465 387 1505 ne
402 1457 514 1527 pereat,
530 1442 588 1525 quit
602 1442 665 1502 vilis
679 1454 790 1502 tessera
804 1439 883 1500 venit

177 1546 351 1610 Frumenti:
374 1549 483 1631 quippe
498 1548 562 1610 haec
578 1567 694 1608 merces
709 1544 877 1606 lautissima.
924 1539 1032 1616 Teuta,
1087 1543 1146 1600 175

176 1651 389 1736 Chrysogonus
405 1653 502 1735 quanti
519 1653 636 1726 doceat,
651 1650 698 1712 vel
713 1649 810 1712 Pollio
825 1649 934 1732 quanti,

176 1756 339 1818 Lautorum
354 1778 470 1840 pueros,
488 1769 580 1818 artem
596 1755 733 1818 scindens
748 1753 914 1815 Theodori.

175 1859 291 1922 Balnea
306 1862 465 1936 sexcentis,
481 1874 512 1922 et
525 1861 614 1942 pluris
629 1859 769 1942 portione,
785 1860 814 1920 in
830 1857 889 1940 quai

176 1963 317 2026 Gestetur
332 1965 478 2038 dominus,
494 1964 607 2045 quoties
622 1964 703 2044 pluit.
749 1964 837 2024 Anne
853 1983 992 2024 serenum

176 2067 352 2150 Exspectet,
369 2080 544 2149 spargatque
559 2067 620 2126 luto
630 2065 765 2147 jumenta
779 2064 915 2125 recenti?
1085 2069 1143 2124 180

175 2169 237 2232 Hic
252 2170 365 2252 potids:
387 2188 516 2250 namque
531 2167 580 2230 hic
595 2168 712 2230 mundae
726 2167 798 2230 nitet
814 2168 921 2249 ungula
936 2168 1033 2230 mulae.

173 2274 265 2336 Parte
281 2272 336 2335 aliti
350 2273 443 2356 longis
458 2273 655 2334 Numidarum
671 2271 742 2334 lulta
757 2273 901 2336 columnis

175 2379 292 2461 Surget,
308 2393 339 2440 et
353 2379 500 2461 algentem
515 2377 608 2460 rapiat
622 2379 749 2440 coenatio
765 2379 870 2440 solem.

173 2481 402 2564 Quanticuoque
418 2483 533 2557 domus,
549 2481 656 2557 veniet,
672 2483 719 2565 qui
736 2480 847 2544 fercula
862 2483 952 2545 docte

173 2584 364 2667 Componat3
386 2587 491 2660 veniet,
508 2585 556 2667 qui
571 2579 763 2668 pulmentaria
779 2587 897 2654 condat.

173 2688 239 2750 Hos
254 2689 328 2750 inter
343 2703 475 2770 sumptus
489 2689 621 2750 sestertia
636 2689 827 2765 Quintiliano,

171 2791 213 2854 Ut
228 2793 362 2867 multum,
379 2793 438 2854 duo
453 2791 607 2854 sufficient.
653 2791 718 2853 Res
733 2793 811 2854 nulla
826 2793 946 2858 minoris

171 2895 326 2958 Constabit
341 2897 424 2980 patri,
441 2896 529 2978 quam
544 2897 629 2958 filius.
675 2895 766 2959 Unde
782 2897 867 2979 igitur
882 2913 924 2962 tot

171 2995 366 3071 Quintilianus
381 2999 470 3061 habet
484 3000 598 3062 saltus?
642 3001 793 3085 Exempla
808 3023 951 3068 novorum

171 3102 313 3166 Fatorum
328 3104 415 3166 transi
431 3126 439 3164 :
460 3103 540 3178 selix,
556 3119 585 3166 et
600 3106 732 3187 pulcher,
748 3120 778 3166 et
792 3125 883 3183 acer3

171 3205 269 3283 Felix,
286 3224 315 3270 et
330 3209 455 3291 sapiens,
471 3223 500 3272 et
514 3209 627 3285 nobilis,
645 3223 674 3271 et
688 3229 850 3292 generosus

169 3311 343 3392 Appositam
359 3314 446 3396 nigrae
462 3314 561 3399 lunam
577 3314 705 3377 subtexit
720 3315 825 3378 alutae:

170 3411 270 3488 Felix,
286 3429 381 3476 orator
396 3439 513 3499 quoque
528 3418 677 3480 maximus
692 3431 721 3480 et
731 3419 877 3501 jaculator
886 3443 895 3498 3

170 3517 221 3596 Et,
238 3518 259 3580 si
275 3516 418 3602 perfrixit,
435 3533 532 3583 cantat
547 3521 635 3583 bene.
680 3521 778 3583 Distat
793 3523 882 3599 enim,
898 3544 960 3606 qua
