2534 4022
533 412 655 462 SATlRA
669 411 742 460 vm.
1092 371 1132 462 (15

156 569 354 642 Damnorum,
368 563 456 628 sociis
470 561 641 625 florentibus
657 573 686 622 et
700 556 791 622 modb
805 555 899 620 victis.

154 673 251 736 Plena
265 671 370 734 domus
384 683 454 731 tunc
469 667 574 742 omnis,
591 680 621 728 et
634 667 736 747 ingens
751 663 844 726 stabat
858 680 981 724 acervus
1075 659 1132 715 100

154 777 364 850 Nummorum,
382 772 526 856 Spartana
541 771 685 854 chlamys,
701 769 854 850 conchylia
871 765 949 842 Coa,

153 880 281 946 Etcum
296 877 449 942 Parrhasii
462 876 566 938 tabulis
581 875 728 958 signisque
743 872 877 957 Myronis

153 985 332 1048 Phidiacum
347 981 463 1044 vivebat
478 982 561 1056 ebur,
576 1001 633 1042 neo
649 1001 707 1042 non
723 977 869 1061 Polycleti

152 1089 265 1153 Multus
280 1089 389 1172 ubique
404 1087 508 1150 labor:
531 1107 603 1149 rarae
620 1085 682 1148 sine
697 1083 835 1147 Mentore
850 1102 971 1145 mensa.

151 1195 225 1258 Inde
241 1194 399 1258 Dolabella
414 1205 459 1256 est
474 1206 561 1276 atque
577 1191 645 1254 hinc
662 1191 815 1266 Antonius,
831 1189 900 1252 inde
1066 1191 1125 1247 105

152 1299 322 1381 Sacrilegus
336 1297 467 1360 Verres:
490 1296 657 1359 referebant
670 1297 792 1358 navibus
808 1295 871 1356 altis

153 1401 282 1464 Occulta
296 1401 398 1483 spolia,
415 1415 445 1462 et
459 1402 558 1483 plures
574 1400 612 1460 de
627 1420 702 1480 pace
717 1398 892 1477 triumphos.

151 1508 243 1571 Nunc
258 1505 345 1570 sociis
354 1505 427 1590 juga
441 1525 538 1588 pauca
552 1504 652 1577 boum,
669 1523 742 1585 grex
757 1523 865 1585 parvus
881 1521 1033 1584 equarum,

150 1611 193 1675 Et
205 1625 290 1695 pater
304 1609 429 1672 armenti
443 1622 531 1692 capto
546 1607 683 1690 eripiatur
699 1607 793 1689 agello
805 1629 814 1684 3

149 1717 209 1800 lpsi
225 1716 332 1778 deinde
347 1715 452 1790 Lares,
468 1715 491 1777 si
507 1714 585 1797 quod
602 1713 761 1796 spectabile
776 1713 902 1796 signum,
1067 1717 1125 1773 ,110

150 1820 184 1883 Si
199 1821 262 1904 quis
277 1821 305 1882 io
321 1819 450 1883 aediculb
464 1819 539 1882 deus
553 1818 668 1882 unicus.
714 1817 791 1880 Hac
807 1818 916 1880 etenim
931 1831 998 1880 sunt

149 1923 212 1988 Pro
227 1925 368 1987 summis:
392 1946 461 1986 narn
478 1897 542 1986 sarit
557 1924 622 1986 haec
637 1923 777 1986 maxima.
824 1922 982 2006 Despicias
994 1936 1023 1983 tu

148 2028 286 2094 Forsitan
304 2029 438 2092 imbelles
453 2029 600 2100 Rhodios,
616 2045 795 2108 unctamque
810 2026 993 2088 Corinthon:

147 2132 307 2215 Despicias
322 2130 437 2192 merito.
483 2129 567 2203 Quid
581 2129 706 2193 resinata
716 2129 865 2213 juventus,

147 2235 306 2319 Cruraque
320 2235 407 2298 totius
422 2235 531 2298 sacient
545 2235 595 2298 tibi
610 2235 684 2298 levia
700 2235 819 2318 gentis?
1064 2241 1122 2296 115

147 2340 278 2404 Horrida
292 2340 410 2402 vitanda
425 2353 469 2402 est
484 2338 638 2424 Hispania,
655 2339 786 2404 Gallicus
802 2341 876 2418 axis,

146 2445 355 2529 Illyricumque
370 2445 466 2507 latus:
489 2466 578 2528 parce
594 2458 625 2507 et
639 2445 817 2509 messoribus
831 2447 895 2520 illis,

146 2547 209 2623 Qui
223 2563 352 2612 saturant
367 2549 481 2625 urbem,
494 2545 585 2611 Circo
600 2569 757 2633 scenaque
771 2563 938 2612 vacantem.

145 2653 269 2726 Quanta
284 2667 382 2714 autem
397 2653 466 2714 inde
482 2651 560 2715 seres
574 2667 634 2716 tarn
653 2655 722 2715 dirae
737 2655 858 2736 praemia
872 2655 976 2737 culpae,

145 2757 250 2831 Quum
265 2770 369 2820 tenues
382 2777 477 2839 nuper
491 2755 604 2818 Marius
619 2755 791 2818 discinxerit
804 2756 917 2818 Afros?
1060 2765 1120 2820 120

144 2861 320 2926 Curandum
336 2862 363 2922 in
381 2861 490 2941 primis,
506 2881 544 2922 uo
559 2881 667 2943 magna
681 2859 784 2945 injuria
798 2861 849 2923 liat

116 3013 119 3018 -
144 2965 284 3030 Fortibus
299 2979 329 3026 et
343 2965 467 3026 miseris.
512 2963 615 3028 Tollas
629 2965 699 3028 licet
712 2987 812 3042 omne,
829 2965 908 3049 quod
924 2988 1048 3051 usquam
1064 2985 1118 3046 est,

142 3071 217 3134 Auri
232 3084 320 3153 atquo
335 3068 467 3150 argenti,
488 3082 602 3131 scutum
619 3069 808 3151 gladiumque
823 3071 980 3154 relinques,

142 3174 185 3238 Et
194 3175 295 3259 jacula
309 3188 339 3236 et
353 3174 486 3257 galeam:
511 3173 639 3256 spoliatis
653 3193 735 3235 arma
750 3183 916 3256 supersunt.

143 3278 237 3353 Quod
252 3277 342 3340 modb
356 3278 504 3361 proposui,
520 3299 578 3343 non
593 3292 637 3342 est
651 3279 813 3342 sententia:
835 3279 938 3344 verbm
1058 3289 1116 3352 105

142 3382 277 3457 Credite,
294 3402 342 3444 me
357 3383 439 3446 vobis
454 3382 555 3446 solium
569 3383 694 3448 recitare
711 3383 841 3468 Sibylla.

142 3487 177 3551 Si
191 3487 241 3550 tibi
256 3499 357 3550 sancta
371 3488 478 3552 cohors
492 3489 643 3565 comitum,
660 3489 683 3552 si
698 3509 787 3552 nemo
801 3488 925 3554 tribunal

141 3591 253 3660 Vendit
266 3593 496 3744 Acersecoqrps,
512 3595 535 3656 sl
549 3593 662 3657 nidlum
676 3593 706 3656 in
721 3593 847 3681 conjuge
861 3593 985 3677 cumen,
