<?xml version="1.0" encoding="UTF-8"?>
<!DOCTYPE html PUBLIC "-//W3C//DTD XHTML 1.0 Transitional//EN"
    "http://www.w3.org/TR/xhtml1/DTD/xhtml1-transitional.dtd">
<html xmlns="http://www.w3.org/1999/xhtml" xml:lang="en" lang="en">
 <head>
  <title>
</title>
<meta http-equiv="Content-Type" content="text/html;charset=utf-8" />
  <meta name='ocr-system' content='tesseract 3.04.00' />
  <meta name='ocr-capabilities' content='ocr_page ocr_carea ocr_par ocr_line ocrx_word'/>
</head>
<body>
  <div class='ocr_page' id='page_1' title='image "./djuniijuvenalis09juvegoog_0117.png"; bbox 0 0 2532 4008; ppageno 0'>
   <div class='ocr_carea' id='block_1_1' title="bbox 123 325 832 398">
    <p class='ocr_par' dir='ltr' id='par_1_1' title="bbox 123 325 832 398">
     <span class='ocr_line' id='line_1_1' title="bbox 123 325 832 398; baseline -0.023 -1"><span class='ocrx_word' id='word_1_1' title='bbox 123 341 182 398; x_wconf 89' lang='grc'>110</span> <span class='ocrx_word' id='word_1_2' title='bbox 413 345 416 350; x_wconf 89' lang='grc'><strong>’</strong></span> <span class='ocrx_word' id='word_1_3' title='bbox 446 333 588 382; x_wconf 67' lang='lat' dir='ltr'>D5JUN11</span> <span class='ocrx_word' id='word_1_4' title='bbox 604 325 794 383; x_wconf 76' lang='lat' dir='ltr'><strong>JUVENALIS</strong></span> <span class='ocrx_word' id='word_1_5' title='bbox 829 333 832 340; x_wconf 58' lang='lat'><strong>⁴</strong></span> 
     </span>
    </p>
   </div>
   <div class='ocr_carea' id='block_1_2' title="bbox 36 474 1155 2764">
    <p class='ocr_par' dir='ltr' id='par_1_2' title="bbox 118 474 850 565">
     <span class='ocr_line' id='line_1_2' title="bbox 118 474 850 565; baseline -0.003 -19"><span class='ocrx_word' id='word_1_6' title='bbox 118 482 160 546; x_wconf 88' lang='lat' dir='ltr'>Ut</span> <span class='ocrx_word' id='word_1_7' title='bbox 179 505 237 546; x_wconf 89' lang='lat' dir='ltr'>non</span> <span class='ocrx_word' id='word_1_8' title='bbox 251 495 296 544; x_wconf 90' lang='lat' dir='ltr'>ter</span> <span class='ocrx_word' id='word_1_9' title='bbox 311 482 411 545; x_wconf 90' lang='lat' dir='ltr'>decies</span> <span class='ocrx_word' id='word_1_10' title='bbox 426 483 574 565; x_wconf 82' lang='lat' dir='ltr'><strong>respiret?</strong></span> <span class='ocrx_word' id='word_1_11' title='bbox 620 483 751 546; x_wconf 83' lang='lat' dir='ltr'>Conscia</span> <span class='ocrx_word' id='word_1_12' title='bbox 766 474 850 546; x_wconf 81' lang='lat' dir='ltr'>matri</span> 
     </span>
    </p>

    <p class='ocr_par' dir='ltr' id='par_1_3' title="bbox 115 587 845 671">
     <span class='ocr_line' id='line_1_3' title="bbox 115 587 845 671; baseline 0 -21"><span class='ocrx_word' id='word_1_13' title='bbox 115 589 208 671; x_wconf 82' lang='lat' dir='ltr'>Virgo</span> <span class='ocrx_word' id='word_1_14' title='bbox 224 587 295 650; x_wconf 89' lang='lat' dir='ltr'>suit:</span> <span class='ocrx_word' id='word_1_15' title='bbox 317 609 402 650; x_wconf 86' lang='lat' dir='ltr'>ceras</span> <span class='ocrx_word' id='word_1_16' title='bbox 418 609 495 650; x_wconf 91' lang='lat' dir='ltr'>nune</span> <span class='ocrx_word' id='word_1_17' title='bbox 511 587 567 649; x_wconf 73' lang='lat' dir='ltr'>hdo</span> <span class='ocrx_word' id='word_1_18' title='bbox 584 589 711 650; x_wconf 83' lang='lat' dir='ltr'>dictante</span> <span class='ocrx_word' id='word_1_19' title='bbox 727 589 845 670; x_wconf 85' lang='lat' dir='ltr'>pusillas</span> 
     </span>
    </p>

    <p class='ocr_par' dir='ltr' id='par_1_4' title="bbox 115 691 1092 882">
     <span class='ocr_line' id='line_1_4' title="bbox 115 691 1092 776; baseline -0.001 -22"><span class='ocrx_word' id='word_1_20' title='bbox 115 693 230 776; x_wconf 81' lang='lat' dir='ltr'>Implet,</span> <span class='ocrx_word' id='word_1_21' title='bbox 247 707 277 755; x_wconf 89' lang='lat' dir='ltr'>et</span> <span class='ocrx_word' id='word_1_22' title='bbox 291 693 329 756; x_wconf 89' lang='lat' dir='ltr'>ad</span> <span class='ocrx_word' id='word_1_23' title='bbox 345 694 481 755; x_wconf 87' lang='lat' dir='ltr'>moechos</span> <span class='ocrx_word' id='word_1_24' title='bbox 497 693 548 753; x_wconf 89' lang='lat' dir='ltr'>dat</span> <span class='ocrx_word' id='word_1_25' title='bbox 564 693 677 754; x_wconf 91' lang='lat' dir='ltr'>eisdem</span> <span class='ocrx_word' id='word_1_26' title='bbox 693 691 770 754; x_wconf 89' lang='lat' dir='ltr'>serre</span> <span class='ocrx_word' id='word_1_27' title='bbox 787 692 918 754; x_wconf 89' lang='lat' dir='ltr'>cinaedis.</span> <span class='ocrx_word' id='word_1_28' title='bbox 1050 697 1092 753; x_wconf 79' lang='lat'>30</span> 
     </span>
     <span class='ocr_line' id='line_1_5' title="bbox 117 796 768 882; baseline -0.003 -22"><span class='ocrx_word' id='word_1_29' title='bbox 117 799 168 860; x_wconf 80' lang='lat' dir='ltr'>Sic</span> <span class='ocrx_word' id='word_1_30' title='bbox 183 811 285 860; x_wconf 87' lang='lat' dir='ltr'>natura</span> <span class='ocrx_word' id='word_1_31' title='bbox 295 799 400 882; x_wconf 89' lang='lat' dir='ltr'>jubet:</span> <span class='ocrx_word' id='word_1_32' title='bbox 423 797 554 859; x_wconf 77' lang='lat' dir='ltr'>velocius</span> <span class='ocrx_word' id='word_1_33' title='bbox 569 811 599 858; x_wconf 85' lang='lat' dir='ltr'>et</span> <span class='ocrx_word' id='word_1_34' title='bbox 614 796 699 858; x_wconf 79' lang='lat' dir='ltr'>eitius</span> <span class='ocrx_word' id='word_1_35' title='bbox 714 818 768 858; x_wconf 91' lang='lat' dir='ltr'>nos</span> 
     </span>
    </p>

    <p class='ocr_par' dir='ltr' id='par_1_5' title="bbox 115 902 940 986">
     <span class='ocr_line' id='line_1_6' title="bbox 115 902 940 986; baseline -0.001 -20"><span class='ocrx_word' id='word_1_36' title='bbox 115 903 317 986; x_wconf 84' lang='lat' dir='ltr'>Corrumpunt</span> <span class='ocrx_word' id='word_1_37' title='bbox 330 904 466 966; x_wconf 89' lang='lat' dir='ltr'>vitiorum</span> <span class='ocrx_word' id='word_1_38' title='bbox 481 903 621 984; x_wconf 83' lang='lat' dir='ltr'>exempla</span> <span class='ocrx_word' id='word_1_39' title='bbox 637 902 810 976; x_wconf 88' lang='lat' dir='ltr'>domestica,</span> <span class='ocrx_word' id='word_1_40' title='bbox 826 903 940 984; x_wconf 84' lang='lat' dir='ltr'>magnis</span> 
     </span>
    </p>

    <p class='ocr_par' dir='ltr' id='par_1_6' title="bbox 113 1005 1033 1195">
     <span class='ocr_line' id='line_1_7' title="bbox 114 1005 1033 1083; baseline 0.003 -12"><span class='ocrx_word' id='word_1_41' title='bbox 114 1009 218 1083; x_wconf 81' lang='lat' dir='ltr'>Quum</span> <span class='ocrx_word' id='word_1_42' title='bbox 234 1010 359 1070; x_wconf 90' lang='lat' dir='ltr'>subeunt</span> <span class='ocrx_word' id='word_1_43' title='bbox 373 1009 485 1070; x_wconf 90' lang='lat' dir='ltr'>animos</span> <span class='ocrx_word' id='word_1_44' title='bbox 500 1009 678 1070; x_wconf 87' lang='lat' dir='ltr'>auctoribus.</span> <span class='ocrx_word' id='word_1_45' title='bbox 725 1005 810 1069; x_wconf 87' lang='lat' dir='ltr'>Unus</span> <span class='ocrx_word' id='word_1_46' title='bbox 826 1020 857 1068; x_wconf 89' lang='lat' dir='ltr'>et</span> <span class='ocrx_word' id='word_1_47' title='bbox 871 1007 943 1070; x_wconf 87' lang='lat' dir='ltr'>alter</span> <span class='ocrx_word' id='word_1_48' title='bbox 1028 1061 1033 1074; x_wconf 90' lang='lat'>.</span> 
     </span>
     <span class='ocr_line' id='line_1_8' title="bbox 113 1111 972 1195; baseline -0.003 -18"><span class='ocrx_word' id='word_1_49' title='bbox 113 1114 249 1177; x_wconf 84' lang='lat' dir='ltr'>Forsitan</span> <span class='ocrx_word' id='word_1_50' title='bbox 265 1115 328 1173; x_wconf 88' lang='lat' dir='ltr'>baec</span> <span class='ocrx_word' id='word_1_51' title='bbox 345 1125 483 1194; x_wconf 87' lang='lat' dir='ltr'>spernant</span> <span class='ocrx_word' id='word_1_52' title='bbox 494 1112 629 1195; x_wconf 88' lang='lat' dir='ltr'>juvenes,</span> <span class='ocrx_word' id='word_1_53' title='bbox 647 1111 752 1193; x_wconf 92' lang='lat' dir='ltr'>quibus</span> <span class='ocrx_word' id='word_1_54' title='bbox 768 1124 829 1173; x_wconf 90' lang='lat' dir='ltr'>arte</span> <span class='ocrx_word' id='word_1_55' title='bbox 845 1112 972 1194; x_wconf 69' lang='lat' dir='ltr'>benigna</span> 
     </span>
    </p>

    <p class='ocr_par' dir='ltr' id='par_1_7' title="bbox 113 1216 1087 1509">
     <span class='ocr_line' id='line_1_9' title="bbox 113 1216 1087 1299; baseline -0.003 -18"><span class='ocrx_word' id='word_1_56' title='bbox 113 1219 155 1281; x_wconf 87' lang='lat' dir='ltr'>Et</span> <span class='ocrx_word' id='word_1_57' title='bbox 169 1219 290 1281; x_wconf 90' lang='lat' dir='ltr'>meliore</span> <span class='ocrx_word' id='word_1_58' title='bbox 307 1216 369 1277; x_wconf 90' lang='lat' dir='ltr'>luto</span> <span class='ocrx_word' id='word_1_59' title='bbox 384 1217 467 1277; x_wconf 83' lang='lat' dir='ltr'>finxit</span> <span class='ocrx_word' id='word_1_60' title='bbox 480 1217 643 1299; x_wconf 77' lang='lat' dir='ltr'>precordia</span> <span class='ocrx_word' id='word_1_61' title='bbox 658 1216 767 1280; x_wconf 85' lang='lat' dir='ltr'>Titan:</span> <span class='ocrx_word' id='word_1_62' title='bbox 1047 1222 1087 1278; x_wconf 81' lang='lat'>35</span> 
     </span>
     <span class='ocr_line' id='line_1_10' title="bbox 114 1309 1041 1405; baseline -0.002 -20"><span class='ocrx_word' id='word_1_63' title='bbox 114 1325 176 1385; x_wconf 90' lang='lat' dir='ltr'>Sed</span> <span class='ocrx_word' id='word_1_64' title='bbox 192 1324 319 1405; x_wconf 89' lang='lat' dir='ltr'>reliquos</span> <span class='ocrx_word' id='word_1_65' title='bbox 335 1319 474 1403; x_wconf 84' lang='lat' dir='ltr'>fugienda</span> <span class='ocrx_word' id='word_1_66' title='bbox 489 1334 604 1402; x_wconf 88' lang='lat' dir='ltr'>patrum</span> <span class='ocrx_word' id='word_1_67' title='bbox 620 1322 741 1403; x_wconf 84' lang='lat' dir='ltr'>vestigia</span> <span class='ocrx_word' id='word_1_68' title='bbox 757 1322 879 1398; x_wconf 88' lang='lat' dir='ltr'>ducunt,</span> <span class='ocrx_word' id='word_1_69' title='bbox 1035 1309 1041 1316; x_wconf 40' lang='lat'><strong>⁸</strong></span> 
     </span>
     <span class='ocr_line' id='line_1_11' title="bbox 113 1425 844 1509; baseline -0.004 -18"><span class='ocrx_word' id='word_1_70' title='bbox 113 1429 155 1491; x_wconf 88' lang='lat' dir='ltr'>Et</span> <span class='ocrx_word' id='word_1_71' title='bbox 170 1441 328 1490; x_wconf 85' lang='lat' dir='ltr'>monstrata</span> <span class='ocrx_word' id='word_1_72' title='bbox 345 1428 394 1487; x_wconf 91' lang='lat' dir='ltr'>diu</span> <span class='ocrx_word' id='word_1_73' title='bbox 409 1425 515 1488; x_wconf 89' lang='lat' dir='ltr'>veteris</span> <span class='ocrx_word' id='word_1_74' title='bbox 531 1427 618 1488; x_wconf 86' lang='lat' dir='ltr'>trahit</span> <span class='ocrx_word' id='word_1_75' title='bbox 631 1426 723 1488; x_wconf 86' lang='lat' dir='ltr'>orbita</span> <span class='ocrx_word' id='word_1_76' title='bbox 739 1427 844 1509; x_wconf 83' lang='lat' dir='ltr'>oulpae.</span> 
     </span>
    </p>

    <p class='ocr_par' dir='ltr' id='par_1_8' title="bbox 113 1529 846 1612">
     <span class='ocr_line' id='line_1_12' title="bbox 113 1529 846 1612; baseline -0.004 -17"><span class='ocrx_word' id='word_1_77' title='bbox 113 1533 269 1595; x_wconf 80' lang='lat' dir='ltr'>Abstineas</span> <span class='ocrx_word' id='word_1_78' title='bbox 285 1531 369 1612; x_wconf 80' lang='lat' dir='ltr'>igitur</span> <span class='ocrx_word' id='word_1_79' title='bbox 385 1529 580 1591; x_wconf 83' lang='lat' dir='ltr'>damnandis:</span> <span class='ocrx_word' id='word_1_80' title='bbox 603 1530 689 1612; x_wconf 88' lang='lat' dir='ltr'>hujus</span> <span class='ocrx_word' id='word_1_81' title='bbox 704 1531 783 1592; x_wconf 89' lang='lat' dir='ltr'>enim</span> <span class='ocrx_word' id='word_1_82' title='bbox 799 1531 846 1592; x_wconf 90' lang='lat' dir='ltr'>vel</span> 
     </span>
    </p>

    <p class='ocr_par' dir='ltr' id='par_1_9' title="bbox 111 1635 933 1719">
     <span class='ocr_line' id='line_1_13' title="bbox 111 1635 933 1719; baseline 0.002 -22"><span class='ocrx_word' id='word_1_83' title='bbox 111 1635 182 1697; x_wconf 90' lang='lat' dir='ltr'>Una</span> <span class='ocrx_word' id='word_1_84' title='bbox 196 1648 300 1718; x_wconf 91' lang='lat' dir='ltr'>potens</span> <span class='ocrx_word' id='word_1_85' title='bbox 315 1635 387 1695; x_wconf 88' lang='lat' dir='ltr'>ratio</span> <span class='ocrx_word' id='word_1_86' title='bbox 403 1647 455 1708; x_wconf 77' lang='lat' dir='ltr'>est,</span> <span class='ocrx_word' id='word_1_87' title='bbox 471 1655 509 1695; x_wconf 91' lang='lat' dir='ltr'>ne</span> <span class='ocrx_word' id='word_1_88' title='bbox 525 1635 648 1699; x_wconf 87' lang='lat' dir='ltr'>erimina</span> <span class='ocrx_word' id='word_1_89' title='bbox 661 1649 760 1698; x_wconf 89' lang='lat' dir='ltr'>nostra</span> <span class='ocrx_word' id='word_1_90' title='bbox 775 1651 933 1719; x_wconf 88' lang='lat' dir='ltr'>sequantur</span> 
     </span>
    </p>

    <p class='ocr_par' dir='ltr' id='par_1_10' title="bbox 112 1738 1155 1928">
     <span class='ocr_line' id='line_1_14' title="bbox 113 1738 1155 1822; baseline -0.005 -19"><span class='ocrx_word' id='word_1_91' title='bbox 113 1741 165 1803; x_wconf 85' lang='lat' dir='ltr'>Ex</span> <span class='ocrx_word' id='word_1_92' title='bbox 180 1740 262 1802; x_wconf 90' lang='lat' dir='ltr'>nobis</span> <span class='ocrx_word' id='word_1_93' title='bbox 278 1738 385 1822; x_wconf 79' lang='lat' dir='ltr'>geniti3</span> <span class='ocrx_word' id='word_1_94' title='bbox 409 1739 545 1822; x_wconf 89' lang='lat' dir='ltr'>quoniam</span> <span class='ocrx_word' id='word_1_95' title='bbox 562 1739 672 1802; x_wconf 88' lang='lat' dir='ltr'>dociles</span> <span class='ocrx_word' id='word_1_96' title='bbox 687 1741 835 1804; x_wconf 89' lang='lat' dir='ltr'>imitandis</span> <span class='ocrx_word' id='word_1_97' title='bbox 1044 1749 1087 1805; x_wconf 87' lang='grc'>40</span> <span class='ocrx_word' id='word_1_98' title='bbox 1149 1791 1155 1798; x_wconf 95' lang='grc'>.</span> 
     </span>
     <span class='ocr_line' id='line_1_15' title="bbox 112 1845 914 1928; baseline 0.005 -22"><span class='ocrx_word' id='word_1_99' title='bbox 112 1846 263 1928; x_wconf 88' lang='lat' dir='ltr'>Turpibus</span> <span class='ocrx_word' id='word_1_100' title='bbox 279 1866 314 1906; x_wconf 88' lang='lat' dir='ltr'>ac</span> <span class='ocrx_word' id='word_1_101' title='bbox 328 1845 426 1927; x_wconf 90' lang='lat' dir='ltr'>pravis</span> <span class='ocrx_word' id='word_1_102' title='bbox 440 1865 544 1906; x_wconf 89' lang='lat' dir='ltr'>omnes</span> <span class='ocrx_word' id='word_1_103' title='bbox 559 1867 681 1924; x_wconf 90' lang='lat' dir='ltr'>sumus;</span> <span class='ocrx_word' id='word_1_104' title='bbox 711 1859 740 1908; x_wconf 90' lang='lat' dir='ltr'>et</span> <span class='ocrx_word' id='word_1_105' title='bbox 755 1845 914 1911; x_wconf 86' lang='lat' dir='ltr'>Catilinam</span> 
     </span>
    </p>

    <p class='ocr_par' dir='ltr' id='par_1_11' title="bbox 36 1950 956 2034">
     <span class='ocr_line' id='line_1_16' title="bbox 36 1950 956 2034; baseline 0.002 -22"><span class='ocrx_word' id='word_1_106' title='bbox 36 1969 42 1982; x_wconf 93' lang='lat'><em>·</em></span> <span class='ocrx_word' id='word_1_107' title='bbox 113 1950 302 2034; x_wconf 84' lang='lat' dir='ltr'>Quocunque</span> <span class='ocrx_word' id='word_1_108' title='bbox 318 1950 346 2010; x_wconf 94' lang='lat' dir='ltr'>in</span> <span class='ocrx_word' id='word_1_109' title='bbox 363 1951 471 2032; x_wconf 88' lang='lat' dir='ltr'>populo</span> <span class='ocrx_word' id='word_1_110' title='bbox 485 1950 597 2026; x_wconf 87' lang='lat' dir='ltr'>videas,</span> <span class='ocrx_word' id='word_1_111' title='bbox 615 1971 792 2034; x_wconf 90' lang='lat' dir='ltr'>quoeunque</span> <span class='ocrx_word' id='word_1_112' title='bbox 809 1953 863 2014; x_wconf 89' lang='lat' dir='ltr'>sub</span> <span class='ocrx_word' id='word_1_113' title='bbox 879 1974 936 2014; x_wconf 89' lang='lat' dir='ltr'>axe</span> <span class='ocrx_word' id='word_1_114' title='bbox 946 1975 956 2030; x_wconf 90' lang='lat'>;</span> 
     </span>
    </p>

    <p class='ocr_par' dir='ltr' id='par_1_12' title="bbox 113 2053 955 2140">
     <span class='ocr_line' id='line_1_17' title="bbox 113 2053 955 2140; baseline -0.001 -22"><span class='ocrx_word' id='word_1_115' title='bbox 113 2055 175 2118; x_wconf 87' lang='lat' dir='ltr'>Sed</span> <span class='ocrx_word' id='word_1_116' title='bbox 191 2077 247 2116; x_wconf 88' lang='lat' dir='ltr'>nec</span> <span class='ocrx_word' id='word_1_117' title='bbox 263 2053 373 2117; x_wconf 80' lang='lat' dir='ltr'>Brutus</span> <span class='ocrx_word' id='word_1_118' title='bbox 389 2055 452 2128; x_wconf 87' lang='lat' dir='ltr'>erit,</span> <span class='ocrx_word' id='word_1_119' title='bbox 469 2054 557 2116; x_wconf 89' lang='lat' dir='ltr'>Bruti</span> <span class='ocrx_word' id='word_1_120' title='bbox 570 2077 627 2118; x_wconf 90' lang='lat' dir='ltr'>nec</span> <span class='ocrx_word' id='word_1_121' title='bbox 643 2057 804 2118; x_wconf 89' lang='lat' dir='ltr'>avunculus</span> <span class='ocrx_word' id='word_1_122' title='bbox 820 2078 955 2140; x_wconf 87' lang='lat' dir='ltr'>usquam.</span> 
     </span>
    </p>

    <p class='ocr_par' dir='ltr' id='par_1_13' title="bbox 111 2159 844 2240">
     <span class='ocr_line' id='line_1_18' title="bbox 111 2159 844 2240; baseline -0.001 -18"><span class='ocrx_word' id='word_1_123' title='bbox 111 2161 163 2222; x_wconf 93' lang='lat' dir='ltr'>Nil</span> <span class='ocrx_word' id='word_1_124' title='bbox 179 2161 258 2220; x_wconf 86' lang='lat' dir='ltr'>dictu</span> <span class='ocrx_word' id='word_1_125' title='bbox 274 2159 388 2220; x_wconf 83' lang='lat' dir='ltr'>soedum</span> <span class='ocrx_word' id='word_1_126' title='bbox 404 2160 526 2239; x_wconf 89' lang='lat' dir='ltr'>visuque</span> <span class='ocrx_word' id='word_1_127' title='bbox 541 2160 605 2218; x_wconf 89' lang='lat' dir='ltr'>haec</span> <span class='ocrx_word' id='word_1_128' title='bbox 621 2160 720 2219; x_wconf 91' lang='lat' dir='ltr'>limina</span> <span class='ocrx_word' id='word_1_129' title='bbox 735 2174 844 2240; x_wconf 85' lang='lat' dir='ltr'>tangat,</span> 
     </span>
    </p>

    <p class='ocr_par' dir='ltr' id='par_1_14' title="bbox 107 2261 1084 2448">
     <span class='ocr_line' id='line_1_19' title="bbox 107 2261 1084 2347; baseline 0.002 -20"><span class='ocrx_word' id='word_1_130' title='bbox 107 2265 186 2326; x_wconf 87' lang='lat' dir='ltr'>Intra</span> <span class='ocrx_word' id='word_1_131' title='bbox 203 2285 265 2346; x_wconf 90' lang='lat' dir='ltr'>quae</span> <span class='ocrx_word' id='word_1_132' title='bbox 280 2283 355 2344; x_wconf 86' lang='lat' dir='ltr'>puer</span> <span class='ocrx_word' id='word_1_133' title='bbox 370 2275 424 2322; x_wconf 89' lang='lat' dir='ltr'>est.</span> <span class='ocrx_word' id='word_1_134' title='bbox 470 2261 582 2323; x_wconf 90' lang='lat' dir='ltr'>Procul</span> <span class='ocrx_word' id='word_1_135' title='bbox 596 2263 673 2336; x_wconf 90' lang='lat' dir='ltr'>hinc,</span> <span class='ocrx_word' id='word_1_136' title='bbox 690 2265 792 2343; x_wconf 90' lang='lat' dir='ltr'>procul</span> <span class='ocrx_word' id='word_1_137' title='bbox 806 2264 875 2324; x_wconf 75' lang='lat' dir='ltr'>inde</span> <span class='ocrx_word' id='word_1_138' title='bbox 891 2267 995 2347; x_wconf 81' lang='lat' dir='ltr'>puella</span> <span class='ocrx_word' id='word_1_139' title='bbox 1042 2274 1084 2329; x_wconf 87' lang='grc'>45</span> 
     </span>
     <span class='ocr_line' id='line_1_20' title="bbox 107 2367 781 2448; baseline -0.009 -16"><span class='ocrx_word' id='word_1_140' title='bbox 107 2369 264 2432; x_wconf 90' lang='lat' dir='ltr'>Lenonum</span> <span class='ocrx_word' id='word_1_141' title='bbox 281 2379 310 2427; x_wconf 91' lang='lat' dir='ltr'>et</span> <span class='ocrx_word' id='word_1_142' title='bbox 325 2379 427 2428; x_wconf 86' lang='lat' dir='ltr'>cantus</span> <span class='ocrx_word' id='word_1_143' title='bbox 442 2367 638 2448; x_wconf 88' lang='lat' dir='ltr'>pernoctantis</span> <span class='ocrx_word' id='word_1_144' title='bbox 654 2367 781 2448; x_wconf 86' lang='lat' dir='ltr'>parasiti.</span> 
     </span>
    </p>

    <p class='ocr_par' dir='ltr' id='par_1_15' title="bbox 108 2470 840 2554">
     <span class='ocr_line' id='line_1_21' title="bbox 108 2470 840 2554; baseline -0.004 -18"><span class='ocrx_word' id='word_1_145' title='bbox 108 2473 242 2536; x_wconf 84' lang='lat' dir='ltr'>Maxima</span> <span class='ocrx_word' id='word_1_146' title='bbox 255 2473 380 2534; x_wconf 90' lang='lat' dir='ltr'>debetur</span> <span class='ocrx_word' id='word_1_147' title='bbox 394 2493 492 2554; x_wconf 75' lang='lat' dir='ltr'>puero</span> <span class='ocrx_word' id='word_1_148' title='bbox 501 2472 673 2534; x_wconf 88' lang='lat' dir='ltr'>reverentia.</span> <span class='ocrx_word' id='word_1_149' title='bbox 722 2470 753 2532; x_wconf 88' lang='lat' dir='ltr'>Si</span> <span class='ocrx_word' id='word_1_150' title='bbox 770 2471 840 2554; x_wconf 91' lang='lat' dir='ltr'>quid</span> 
     </span>
    </p>

    <p class='ocr_par' dir='ltr' id='par_1_16' title="bbox 105 2576 888 2660">
     <span class='ocr_line' id='line_1_22' title="bbox 105 2576 888 2660; baseline 0 -22"><span class='ocrx_word' id='word_1_151' title='bbox 105 2577 210 2660; x_wconf 85' lang='lat' dir='ltr'>Turpe</span> <span class='ocrx_word' id='word_1_152' title='bbox 225 2598 321 2659; x_wconf 84' lang='lat' dir='ltr'>paras,</span> <span class='ocrx_word' id='word_1_153' title='bbox 336 2595 374 2636; x_wconf 87' lang='lat' dir='ltr'>ne</span> <span class='ocrx_word' id='word_1_154' title='bbox 389 2589 419 2636; x_wconf 90' lang='lat' dir='ltr'>tu</span> <span class='ocrx_word' id='word_1_155' title='bbox 435 2577 517 2658; x_wconf 90' lang='lat' dir='ltr'>pueri</span> <span class='ocrx_word' id='word_1_156' title='bbox 533 2576 747 2659; x_wconf 84' lang='lat' dir='ltr'>contempseris</span> <span class='ocrx_word' id='word_1_157' title='bbox 763 2598 854 2640; x_wconf 89' lang='lat' dir='ltr'>annos</span> <span class='ocrx_word' id='word_1_158' title='bbox 869 2579 888 2638; x_wconf 73' lang='grc' dir='ltr'>τ’</span> 
     </span>
    </p>

    <p class='ocr_par' dir='ltr' id='par_1_17' title="bbox 107 2681 728 2764">
     <span class='ocr_line' id='line_1_23' title="bbox 107 2681 728 2764; baseline -0.002 -21"><span class='ocrx_word' id='word_1_159' title='bbox 107 2681 170 2744; x_wconf 87' lang='lat' dir='ltr'>Sed</span> <span class='ocrx_word' id='word_1_160' title='bbox 185 2694 345 2764; x_wconf 86' lang='lat' dir='ltr'>peccaturo</span> <span class='ocrx_word' id='word_1_161' title='bbox 360 2681 455 2744; x_wconf 89' lang='lat' dir='ltr'>obstet</span> <span class='ocrx_word' id='word_1_162' title='bbox 469 2681 519 2743; x_wconf 90' lang='lat' dir='ltr'>tibi</span> <span class='ocrx_word' id='word_1_163' title='bbox 535 2682 609 2744; x_wconf 87' lang='lat' dir='ltr'>filius</span> <span class='ocrx_word' id='word_1_164' title='bbox 624 2681 728 2744; x_wconf 81' lang='lat' dir='ltr'>inians.</span> 
     </span>
    </p>
   </div>
   <div class='ocr_carea' id='block_1_3' title="bbox 101 2786 1085 3596">
    <p class='ocr_par' dir='ltr' id='par_1_18' title="bbox 105 2786 1085 2970">
     <span class='ocr_line' id='line_1_24' title="bbox 105 2786 1085 2868; baseline 0.001 -19"><span class='ocrx_word' id='word_1_165' title='bbox 105 2787 185 2849; x_wconf 87' lang='lat' dir='ltr'>Nam</span> <span class='ocrx_word' id='word_1_166' title='bbox 202 2787 225 2848; x_wconf 93' lang='lat' dir='ltr'>si</span> <span class='ocrx_word' id='word_1_167' title='bbox 242 2786 311 2868; x_wconf 91' lang='lat' dir='ltr'>quid</span> <span class='ocrx_word' id='word_1_168' title='bbox 328 2786 447 2868; x_wconf 82' lang='lat' dir='ltr'>dignum</span> <span class='ocrx_word' id='word_1_169' title='bbox 465 2787 710 2848; x_wconf 68' lang='lat' dir='ltr'>censoris‘secerit</span> <span class='ocrx_word' id='word_1_170' title='bbox 724 2787 767 2846; x_wconf 76' lang='lat' dir='ltr'>ira</span> <span class='ocrx_word' id='word_1_171' title='bbox 851 2789 858 2798; x_wconf 72' lang='grc'><em>”</em></span> <span class='ocrx_word' id='word_1_172' title='bbox 1041 2793 1085 2851; x_wconf 85' lang='grc'>50</span> 
     </span>
     <span class='ocr_line' id='line_1_25' title="bbox 105 2887 945 2970; baseline -0.004 -19"><span class='ocrx_word' id='word_1_173' title='bbox 105 2889 305 2970; x_wconf 82' lang='lat' dir='ltr'>Quandoque,</span> <span class='ocrx_word' id='word_1_174' title='bbox 322 2901 352 2948; x_wconf 89' lang='lat' dir='ltr'>et</span> <span class='ocrx_word' id='word_1_175' title='bbox 367 2887 492 2947; x_wconf 88' lang='lat' dir='ltr'>similem</span> <span class='ocrx_word' id='word_1_176' title='bbox 507 2888 557 2947; x_wconf 83' lang='lat' dir='ltr'>tibi</span> <span class='ocrx_word' id='word_1_177' title='bbox 573 2907 605 2948; x_wconf 90' lang='lat' dir='ltr'>se</span> <span class='ocrx_word' id='word_1_178' title='bbox 620 2909 678 2948; x_wconf 95' lang='lat' dir='ltr'>non</span> <span class='ocrx_word' id='word_1_179' title='bbox 693 2907 818 2969; x_wconf 87' lang='lat' dir='ltr'>corpore</span> <span class='ocrx_word' id='word_1_180' title='bbox 833 2887 945 2949; x_wconf 80' lang='lat' dir='ltr'>tantiam</span> 
     </span>
    </p>

    <p class='ocr_par' dir='ltr' id='par_1_19' title="bbox 105 2989 888 3080">
     <span class='ocr_line' id='line_1_26' title="bbox 105 2989 888 3080; baseline -0.001 -26"><span class='ocrx_word' id='word_1_181' title='bbox 105 2993 173 3054; x_wconf 87' lang='lat' dir='ltr'>Nee</span> <span class='ocrx_word' id='word_1_182' title='bbox 189 2993 268 3052; x_wconf 89' lang='lat' dir='ltr'>vultu</span> <span class='ocrx_word' id='word_1_183' title='bbox 285 2989 410 3066; x_wconf 88' lang='lat' dir='ltr'>dederit,</span> <span class='ocrx_word' id='word_1_184' title='bbox 428 3008 542 3067; x_wconf 84' lang='lat' dir='ltr'>morum</span> <span class='ocrx_word' id='word_1_185' title='bbox 559 3012 677 3074; x_wconf 90' lang='lat' dir='ltr'>quoque</span> <span class='ocrx_word' id='word_1_186' title='bbox 692 2993 778 3068; x_wconf 90' lang='lat' dir='ltr'>filius,</span> <span class='ocrx_word' id='word_1_187' title='bbox 794 3006 824 3054; x_wconf 91' lang='lat' dir='ltr'>et</span> <span class='ocrx_word' id='word_1_188' title='bbox 839 2993 888 3080; x_wconf 91' lang='lat' dir='ltr'>qui</span> 
     </span>
    </p>

    <p class='ocr_par' dir='ltr' id='par_1_20' title="bbox 104 3079 759 3180">
     <span class='ocr_line' id='line_1_27' title="bbox 104 3079 759 3180; baseline 0 -22"><span class='ocrx_word' id='word_1_189' title='bbox 104 3096 214 3158; x_wconf 90' lang='lat' dir='ltr'>Omnia</span> <span class='ocrx_word' id='word_1_190' title='bbox 230 3095 358 3157; x_wconf 74' lang='lat' dir='ltr'>deterius</span> <span class='ocrx_word' id='word_1_191' title='bbox 374 3109 424 3157; x_wconf 89' lang='lat' dir='ltr'>tua</span> <span class='ocrx_word' id='word_1_192' title='bbox 439 3117 492 3178; x_wconf 89' lang='lat' dir='ltr'>per</span> <span class='ocrx_word' id='word_1_193' title='bbox 507 3079 629 3179; x_wconf 80' lang='lat' dir='ltr'>vestigia</span> <span class='ocrx_word' id='word_1_194' title='bbox 640 3111 759 3180; x_wconf 87' lang='lat' dir='ltr'>peccet,</span> 
     </span>
    </p>

    <p class='ocr_par' dir='ltr' id='par_1_21' title="bbox 104 3199 799 3282">
     <span class='ocr_line' id='line_1_28' title="bbox 104 3199 799 3282; baseline -0.003 -20"><span class='ocrx_word' id='word_1_195' title='bbox 104 3199 257 3281; x_wconf 87' lang='lat' dir='ltr'>Corriples</span> <span class='ocrx_word' id='word_1_196' title='bbox 272 3199 409 3260; x_wconf 90' lang='lat' dir='ltr'>nimirum</span> <span class='ocrx_word' id='word_1_197' title='bbox 425 3213 454 3260; x_wconf 91' lang='lat' dir='ltr'>et</span> <span class='ocrx_word' id='word_1_198' title='bbox 468 3201 623 3282; x_wconf 80' lang='lat' dir='ltr'>castigabis</span> <span class='ocrx_word' id='word_1_199' title='bbox 639 3202 747 3261; x_wconf 90' lang='lat' dir='ltr'>acerbo</span> <span class='ocrx_word' id='word_1_200' title='bbox 792 3215 799 3220; x_wconf 89' lang='grc'>·</span> 
     </span>
    </p>

    <p class='ocr_par' dir='ltr' id='par_1_22' title="bbox 102 3297 1082 3491">
     <span class='ocr_line' id='line_1_29' title="bbox 104 3297 1082 3387; baseline 0.003 -20"><span class='ocrx_word' id='word_1_201' title='bbox 104 3304 257 3379; x_wconf 87' lang='lat' dir='ltr'>Clamore,</span> <span class='ocrx_word' id='word_1_202' title='bbox 274 3325 309 3364; x_wconf 91' lang='lat' dir='ltr'>ae</span> <span class='ocrx_word' id='word_1_203' title='bbox 324 3303 469 3385; x_wconf 87' lang='lat' dir='ltr'>posthaec</span> <span class='ocrx_word' id='word_1_204' title='bbox 484 3302 597 3363; x_wconf 88' lang='lat' dir='ltr'>tabulas</span> <span class='ocrx_word' id='word_1_205' title='bbox 613 3297 726 3366; x_wconf 83' lang='lat' dir='ltr'>mutare</span> <span class='ocrx_word' id='word_1_206' title='bbox 741 3305 869 3387; x_wconf 90' lang='lat' dir='ltr'>parabis.</span> <span class='ocrx_word' id='word_1_207' title='bbox 1040 3314 1082 3372; x_wconf 82' lang='lat'>55</span> 
     </span>
     <span class='ocr_line' id='line_1_30' title="bbox 102 3405 792 3491; baseline 0.001 -21"><span class='ocrx_word' id='word_1_208' title='bbox 102 3409 193 3470; x_wconf 89' lang='lat' dir='ltr'>Unde</span> <span class='ocrx_word' id='word_1_209' title='bbox 209 3408 260 3469; x_wconf 92' lang='lat' dir='ltr'>tibi</span> <span class='ocrx_word' id='word_1_210' title='bbox 275 3405 400 3467; x_wconf 81' lang='lat' dir='ltr'>frontem</span> <span class='ocrx_word' id='word_1_211' title='bbox 416 3408 640 3490; x_wconf 88' lang='lat' dir='ltr'>libertatemque</span> <span class='ocrx_word' id='word_1_212' title='bbox 656 3410 792 3491; x_wconf 89' lang='lat' dir='ltr'>parentis,</span> 
     </span>
    </p>

    <p class='ocr_par' dir='ltr' id='par_1_23' title="bbox 101 3509 892 3596">
     <span class='ocr_line' id='line_1_31' title="bbox 101 3509 892 3596; baseline 0.009 -24"><span class='ocrx_word' id='word_1_213' title='bbox 101 3510 207 3583; x_wconf 81' lang='lat' dir='ltr'>Quum</span> <span class='ocrx_word' id='word_1_214' title='bbox 223 3511 314 3574; x_wconf 86' lang='lat' dir='ltr'>sacius</span> <span class='ocrx_word' id='word_1_215' title='bbox 329 3509 430 3594; x_wconf 87' lang='lat' dir='ltr'>pejora</span> <span class='ocrx_word' id='word_1_216' title='bbox 445 3533 548 3588; x_wconf 87' lang='lat' dir='ltr'>senex,</span> <span class='ocrx_word' id='word_1_217' title='bbox 564 3535 752 3596; x_wconf 81' lang='lat' dir='ltr'>vacuumque</span> <span class='ocrx_word' id='word_1_218' title='bbox 767 3517 892 3580; x_wconf 87' lang='lat' dir='ltr'>cerebro</span> 
     </span>
    </p>
   </div>
   <div class='ocr_carea' id='block_1_4' title="bbox 0 0 1270 4008">
    <p class='ocr_par' dir='ltr' id='par_1_24' title="bbox 0 0 1270 4008">
     <span class='ocr_line' id='line_1_32' title="bbox 0 0 1270 4008; baseline 0 2"><span class='ocrx_word' id='word_1_219' title='bbox 0 0 1270 4008; x_wconf 95' lang='lat' dir='ltr'> </span> 
     </span>
    </p>
   </div>
  </div>
 </body>
</html>
