2534 4022
141 345 183 402 50
452 341 485 390 D.
501 341 594 390 JUNII
609 339 800 390 JUVENALIS

140 489 245 572 Aptior
260 488 333 550 bora
348 488 425 564 cibo,
441 489 495 552 nisi
511 511 599 572 qnam
614 490 728 552 dederit
744 489 895 552 Petosiris.
1048 489 1111 548 aot
1184 503 1196 536 ⁸

183 591 216 654 Si
231 593 390 656 mediocris
405 593 480 672 erit3
503 595 629 677 spatium
641 594 771 656 lustrabit
782 595 915 676 utrinque

138 694 300 773 Metarum,
317 712 347 760 et
361 711 454 760 sortes
469 699 568 776 ducet,
583 698 770 782 frontemque
785 718 965 780 manumque

135 800 284 863 Praebebit
300 803 356 866 vati
372 804 509 866 crebrum
525 825 690 887 poppysma
704 805 827 887 roganti.

134 906 280 970 Divitibus
295 930 435 992 responsa
451 909 561 972 dabunt
575 910 679 992 Phryx
696 932 787 992 augur
802 922 832 970 et
845 907 936 970 Indus

134 1009 319 1088 Conductus,
336 1014 415 1075 dabit
430 1028 572 1096 astrorum
588 1015 748 1096 mundique
760 1014 879 1095 peritus,
1042 1014 1107 1068 470

133 1117 233 1199 Atque
249 1117 351 1200 aliquis
367 1119 473 1194 senior,
490 1120 538 1202 qni
553 1120 671 1201 publica
686 1118 800 1200 fulgura
815 1117 924 1180 condit.

132 1219 290 1284 Plebeium
306 1223 334 1284 in
350 1223 429 1284 circo
444 1224 570 1306 positum
585 1237 630 1290 est
644 1237 674 1286 et
688 1224 716 1284 in
733 1245 840 1306 aggere
855 1221 960 1284 fatum.

132 1326 208 1400 Quae
225 1328 310 1390 nudis
325 1329 445 1410 longum
460 1329 588 1392 ostendit
602 1329 767 1391 cervicibus
783 1349 896 1403 aurum,

131 1431 267 1496 Consulit
282 1447 348 1495 ante
363 1435 464 1516 phalas
480 1433 745 1516 delphinorumque
761 1433 923 1506 columnas,

132 1538 178 1598 An
195 1559 264 1618 saga
279 1537 418 1600 vendenti
433 1539 534 1611 nnbat,
550 1559 683 1618 caupone
699 1538 812 1598 relicto.
1037 1538 1101 1594 475

174 1641 231 1702 Hae
248 1655 344 1704 tamen
362 1655 392 1702 et
406 1640 505 1723 parnis
519 1641 644 1702 subeunt
660 1641 827 1716 discrimen,
843 1655 872 1704 et
887 1661 990 1704 omnes

129 1743 261 1808 Nutricis
275 1747 408 1821 tolerant,
424 1744 540 1808 fortuna
554 1761 686 1828 urgente,
701 1746 839 1824 labores3

130 1851 191 1912 Sed
204 1851 286 1935 jacet
302 1865 403 1913 aurato
419 1851 469 1912 vix
485 1851 541 1912 ulla
557 1873 704 1934 puerpera
718 1852 805 1913 lecto.

127 1954 262 2018 Tantum
281 1949 358 2019 artes
373 1957 468 2041 hujus,
483 1955 595 2018 tannim
613 1957 808 2019 medicamina
824 1968 1000 2036 possunt.-

168 2061 308 2124 Transeo
323 2063 498 2145 suppositos
516 2077 545 2124 et
560 2061 677 2144 gaudia,
692 2075 818 2143 votaque
835 2059 913 2142 saepb
1036 2060 1100 2116 480

127 2165 177 2226 Ad
193 2187 315 2248 spurcos
330 2167 455 2250 decepta
471 2169 562 2241 lacus,
580 2180 666 2247 atque
681 2166 750 2225 inde
765 2166 870 2246 petitos

127 2268 289 2332 Pontifices
306 2270 411 2346 Salios,
429 2272 609 2333 Scaurorum
625 2268 743 2331 nomina
757 2267 831 2328 salso

128 2373 263 2457 Corpore
279 2377 397 2438 laturos.
446 2376 510 2436 Stat
528 2372 655 2434 Fortuna
670 2371 804 2452 improba
817 2383 917 2446 noctu,

127 2479 269 2542 Arridens
283 2481 369 2541 nudis
384 2477 552 2540 infantibus
597 2475 663 2536 Hos
674 2473 753 2535 fovet
767 2495 881 2548 omnes,

123 2581 303 2664 Involvitque
319 2583 403 2642 sinu:
425 2580 559 2640 domibus
575 2593 643 2640 tuno
659 2578 778 2660 porrigit
793 2579 865 2654 altis,
1032 2585 1095 2641 485

128 2687 345 2766 Secretumque
361 2683 413 2744 sibi
430 2681 553 2744 mimum
568 2698 660 2766 parat.
709 2683 775 2746 Hos
790 2697 878 2760 amat,
894 2685 985 2748 bisse

125 2791 243 2871 Ingerit,
259 2803 348 2869 utque
365 2809 432 2850 suos
447 2787 545 2850 ridens
559 2790 694 2870 producit
709 2790 852 2850 alumnos·

169 2891 229 2953 Hic
244 2891 376 2973 magicos
391 2891 475 2952 affert
490 2906 603 2967 cantus,
619 2893 667 2953 hio
683 2893 827 2954 Thessala
842 2893 941 2954 vendit

125 2995 246 3069 Philtra,
264 2994 368 3076 quibus
383 2995 478 3056 valeat
493 3009 623 3058 mentem
639 3017 748 3058 vexare
763 2997 913 3061 mariti.—

123 3098 197 3161 lndb
214 3098 301 3162 animi
316 3099 421 3182 caligo,
437 3114 467 3162 et
480 3121 589 3183 magna
602 3101 708 3162 oblivio
723 3123 831 3176 rerum,
1031 3106 1096 3163 490

124 3203 209 3276 Quas
223 3203 314 3264 modb
328 3205 451 3284 gessisti.
495 3203 614 3266 Tamen
630 3206 686 3265 boo
702 3204 861 3278 tolerabile,
877 3203 900 3266 si
916 3225 973 3265 non

123 3307 165 3370 Et
180 3307 277 3369 furere
292 3307 422 3389 incipias,
439 3321 470 3368 ut
485 3309 645 3368 avunculus
660 3307 707 3368 ille
722 3308 754 3370 N
756 3309 862 3384 eroniS,

124 3411 183 3473 Cui
199 3424 289 3473 totam
306 3411 421 3470 tremuli
436 3409 561 3472 frontem
578 3408 715 3472 Caesonia
732 3412 799 3494 pulli

122 3514 240 3579 Insudit.
286 3513 363 3586 Qua
378 3535 435 3576 non
451 3513 548 3590 saciet,
565 3515 643 3598 quod
659 3516 804 3600 Principis
819 3518 920 3580 uxor?
