2534 4022
112 375 155 436 20
426 365 458 414 n.
475 359 774 415 tomitumttants

112 517 248 583 Plaustra
261 515 380 592 vehunt,
395 528 497 578 nutant
511 515 574 578 alte
589 514 758 599 populoque
773 510 927 574 minantur.

111 622 191 686 Nam
208 623 231 685 si
247 612 410 706 procubuit,
425 621 473 704 qui
489 641 562 684 saxa
575 617 728 703 Ligustica
743 629 847 702 portet,

109 727 194 804 Axis,
211 739 240 789 et
255 746 389 788 eversum
404 724 478 788 sudit
492 747 580 809 super
595 724 713 808 agmina
728 735 868 798 montem,

107 829 190 905 Quid
206 843 339 915 superest
353 830 391 893 de
406 827 599 914 corporibus?
623 829 687 912 quis
703 829 846 902 membra,
862 825 927 909 quis
941 843 1010 890 ossa

106 933 245 997 Invenit?
269 933 417 997 Obtritum
432 935 509 1018 vulgi
524 933 600 1018 perit
614 955 703 997 omne
718 933 846 998 cadaver
1018 931 1079 994 241

105 1037 193 1101 More
209 1038 322 1102 animae.
369 1038 486 1102 Domus
501 1039 612 1102 interce
627 1059 733 1102 secura
747 1036 868 1120 patellas

104 1139 173 1205 Jam
188 1143 274 1217 lavat,
291 1154 321 1204 et
335 1140 431 1204 bucca
445 1139 575 1204 foculum
590 1141 709 1217 excitat,
725 1153 756 1203 et
770 1152 855 1204 sonat
870 1138 965 1202 unctis

104 1245 267 1329 striglibus,
283 1259 314 1308 et
327 1245 415 1330 pleno
430 1246 580 1329 componit
594 1246 681 1309 lintea
696 1258 788 1328 gatto.

103 1349 184 1414 Haec
199 1351 274 1413 inter
288 1371 396 1435 pueros
410 1350 489 1412 variis
505 1364 720 1434 properantur:
744 1364 773 1413 ut
792 1350 840 1412 ille

101 1453 169 1518 Jam
185 1455 270 1518 sedet
284 1455 312 1516 in
327 1454 400 1536 riprl,
417 1469 584 1536 tetrumque
599 1456 734 1520 novicius
749 1456 851 1518 horret

101 1558 273 1634 Porthmea‚
288 1579 346 1620 nec
361 1571 458 1640 sperat
472 1558 584 1619 coenosi
599 1559 718 1638 gurgitis
733 1559 841 1630 alnum,

100 1660 216 1738 Infelix,
232 1661 401 1733 nechabet,
418 1681 507 1742 quem
523 1660 659 1742 porrigat,
674 1679 726 1722 ore
741 1659 887 1720 trientem.

141 1766 274 1850 Respice
289 1785 367 1828 nunc
382 1764 438 1826 alia
453 1785 488 1826 ac
504 1763 618 1825 diversa
633 1763 764 1846 pericula
778 1763 893 1825 noctis:

99 1871 192 1946 Quod
207 1869 332 1953 spatium
348 1868 432 1930 tectis
448 1867 627 1944 sublimibus,
643 1866 723 1930 unde
738 1867 894 1930 cerebrum
1009 1871 1073 1929 250

98 1976 192 2039 Testa
206 1973 280 2050 ferit,
296 1972 409 2056 quoties
424 1973 531 2036 rimosa
546 1985 576 2034 et
590 1984 674 2034 curta
689 1971 823 2036 fenestris

97 2081 178 2145 Vasa
192 2080 320 2156 cadant3
344 2091 452 2160 quanto
465 2099 638 2160 percussum
654 2077 787 2161 pondere
802 2079 920 2159 signent

97 2180 140 2245 Et
153 2181 260 2244 laedant
273 2178 397 2240 silicem.
443 2177 544 2239 Possis
558 2178 679 2258 ignavus
694 2177 795 2238 haberi

71 2321 80 2355 s
96 2287 139 2350 Er
153 2283 239 2348 subiti
254 2281 341 2344 casias
355 2281 545 2364 improvidus
562 2281 598 2342 ad
614 2301 733 2344 coenam
748 2281 771 2342 si

95 2392 251 2455 Intestatus
266 2408 327 2450 eas.
372 2382 599 2460 adeotatae,
615 2385 747 2468 quotillb
1005 2393 1068 2449 255

94 2497 194 2560 Nocte
210 2505 309 2576 patent
322 2491 432 2573 vigiles
447 2504 476 2552 te
492 2503 694 2572 pretereunte,
710 2489 853 2554 fenestra.

95 2600 178 2683 Ergo
193 2611 286 2682 optes,
298 2609 456 2679 votumque
472 2593 549 2658 seras
564 2595 729 2658 miserabile
745 2610 856 2674 tecum,
910 2637 913 2642 ,

94 2705 137 2769 Ut
151 2705 207 2768 sint
221 2715 363 2765 contentas
379 2701 490 2783 patulas
505 2699 669 2764 defundere
684 2703 795 2786 pelves.

130 2809 246 2873 'Ebrius
261 2829 296 2870 ec
311 2807 454 2890 petulans
471 2807 519 2889 qui
535 2808 645 2868 nullum
660 2806 733 2869 sortis
749 2809 865 2880 cecidit,

93 2917 155 2980 Dat
169 2933 283 2998 poenae,
298 2923 416 2973 noctem
430 2910 537 2992 patitur
551 2909 675 2990 lugentis
690 2910 819 2970 amicum
1002 2913 1066 2970 260

75 3019 215 3094 .Petidae,
231 3015 319 3080 cubat
333 3015 362 3076 in
377 3012 494 3088 faciem,
510 3034 580 3074 mox
595 3012 702 3075 deinde
718 3013 848 3096 supinus.
947 3013 949 3018 ’

92 3125 175 3208 Ergo
190 3145 247 3186 non
263 3119 345 3183 aliter
359 3119 463 3202 poterit
478 3116 629 3180 dormire?
652 3115 839 3190 Quibusdam

92 3230 237 3295 Somnum
253 3225 316 3286 rixa
330 3222 419 3285 facit:
442 3221 505 3296 sed,
521 3221 652 3302 quamvis
666 3221 816 3304 improbus
831 3224 922 3299 aunis

91 3335 289 3418 Atqnemero
305 3325 430 3400 fervens,
446 3337 531 3384 cavet
545 3323 633 3399 buno,
650 3345 739 3408 quem
755 3327 878 3390 coccina
893 3329 965 3392 laena

90 3437 182 3501 Vitari
192 3435 288 3519 jubet,
305 3443 335 3492 et
348 3429 489 3492 comitum
504 3428 687 3511 longissimus
702 3432 786 3509 ordo,
997 3440 1060 3498 265

89 3541 216 3606 Multum
231 3546 374 3619 praeterea
388 3531 573 3596 flammarum
589 3549 675 3619 atque
691 3558 772 3601 aenea
787 3538 910 3625 lampas.
