<?xml version="1.0" encoding="UTF-8"?>
<!DOCTYPE html PUBLIC "-//W3C//DTD XHTML 1.0 Transitional//EN"
    "http://www.w3.org/TR/xhtml1/DTD/xhtml1-transitional.dtd">
<html xmlns="http://www.w3.org/1999/xhtml" xml:lang="en" lang="en">
 <head>
  <title>
</title>
<meta http-equiv="Content-Type" content="text/html;charset=utf-8" />
  <meta name='ocr-system' content='tesseract 3.04.00' />
  <meta name='ocr-capabilities' content='ocr_page ocr_carea ocr_par ocr_line ocrx_word'/>
</head>
<body>
  <div class='ocr_page' id='page_1' title='image "./djuniijuvenalis09juvegoog_0039.png"; bbox 0 0 2534 4022; ppageno 0'>
   <div class='ocr_carea' id='block_1_1' title="bbox 114 361 775 428">
    <p class='ocr_par' dir='ltr' id='par_1_1' title="bbox 114 361 775 428">
     <span class='ocr_line' id='line_1_1' title="bbox 114 361 775 428; baseline 0.003 -16"><span class='ocrx_word' id='word_1_1' title='bbox 114 365 155 428; x_wconf 76' lang='lat'>32</span> <span class='ocrx_word' id='word_1_2' title='bbox 422 361 775 414; x_wconf 58' lang='lat' dir='ltr'>nunrurruvnnanrs</span> 
     </span>
    </p>
   </div>
   <div class='ocr_carea' id='block_1_2' title="bbox 113 507 920 906">
    <p class='ocr_par' dir='ltr' id='par_1_2' title="bbox 113 507 810 594">
     <span class='ocr_line' id='line_1_2' title="bbox 113 507 810 594; baseline 0 -22"><span class='ocrx_word' id='word_1_3' title='bbox 113 507 183 572; x_wconf 88' lang='lat' dir='ltr'>Non</span> <span class='ocrx_word' id='word_1_4' title='bbox 199 510 309 572; x_wconf 88' lang='lat' dir='ltr'>nudent</span> <span class='ocrx_word' id='word_1_5' title='bbox 322 509 458 574; x_wconf 87' lang='lat' dir='ltr'>homines</span> <span class='ocrx_word' id='word_1_6' title='bbox 472 509 594 594; x_wconf 71' lang='lat' dir='ltr'>pertusi</span> <span class='ocrx_word' id='word_1_7' title='bbox 608 511 710 576; x_wconf 83' lang='lat' dir='ltr'>dicere</span> <span class='ocrx_word' id='word_1_8' title='bbox 725 511 810 574; x_wconf 67' lang='lat' dir='ltr'>leni.</span> 
     </span>
    </p>

    <p class='ocr_par' dir='ltr' id='par_1_3' title="bbox 113 613 920 906">
     <span class='ocr_line' id='line_1_3' title="bbox 156 613 920 698; baseline 0.005 -22"><span class='ocrx_word' id='word_1_9' title='bbox 156 613 382 698; x_wconf 81' lang='lat' dir='ltr'><strong>Quadringenta</strong></span> <span class='ocrx_word' id='word_1_10' title='bbox 397 613 448 678; x_wconf 91' lang='lat' dir='ltr'>tibi</span> <span class='ocrx_word' id='word_1_11' title='bbox 463 614 488 678; x_wconf 92' lang='lat' dir='ltr'>si</span> <span class='ocrx_word' id='word_1_12' title='bbox 503 615 567 698; x_wconf 83' lang='lat' dir='ltr'>quie</span> <span class='ocrx_word' id='word_1_13' title='bbox 582 615 667 692; x_wconf 79' lang='lat' dir='ltr'>deus,</span> <span class='ocrx_word' id='word_1_14' title='bbox 682 629 732 680; x_wconf 90' lang='lat' dir='ltr'>aut</span> <span class='ocrx_word' id='word_1_15' title='bbox 746 615 847 680; x_wconf 79' lang='lat' dir='ltr'>similis</span> <span class='ocrx_word' id='word_1_16' title='bbox 863 615 920 692; x_wconf 83' lang='lat' dir='ltr'>dis,</span> 
     </span>
     <span class='ocr_line' id='line_1_4' title="bbox 113 717 852 803; baseline 0.005 -23"><span class='ocrx_word' id='word_1_17' title='bbox 113 717 156 781; x_wconf 89' lang='lat' dir='ltr'>Et</span> <span class='ocrx_word' id='word_1_18' title='bbox 169 719 273 782; x_wconf 91' lang='lat' dir='ltr'>melior</span> <span class='ocrx_word' id='word_1_19' title='bbox 289 717 354 780; x_wconf 88' lang='lat' dir='ltr'>satis</span> <span class='ocrx_word' id='word_1_20' title='bbox 369 718 516 798; x_wconf 81' lang='lat' dir='ltr'>donaret;</span> <span class='ocrx_word' id='word_1_21' title='bbox 538 719 709 798; x_wconf 82' lang='lat' dir='ltr'>homuncio,</span> <span class='ocrx_word' id='word_1_22' title='bbox 725 733 852 803; x_wconf 85' lang='lat' dir='ltr'>quantus</span> 
     </span>
     <span class='ocr_line' id='line_1_5' title="bbox 113 821 831 906; baseline 0.003 -22"><span class='ocrx_word' id='word_1_23' title='bbox 113 821 165 884; x_wconf 83' lang='lat' dir='ltr'>Ex</span> <span class='ocrx_word' id='word_1_24' title='bbox 180 821 268 884; x_wconf 85' lang='lat' dir='ltr'><strong>nihilo</strong></span> <span class='ocrx_word' id='word_1_25' title='bbox 284 821 388 886; x_wconf 85' lang='lat' dir='ltr'>fieres!</span> <span class='ocrx_word' id='word_1_26' title='bbox 411 836 538 906; x_wconf 88' lang='lat' dir='ltr'>quantus</span> <span class='ocrx_word' id='word_1_27' title='bbox 551 821 686 888; x_wconf 72' lang='lat' dir='ltr'>Virronis</span> <span class='ocrx_word' id='word_1_28' title='bbox 700 824 831 888; x_wconf 89' lang='lat' dir='ltr'>amicus!</span> 
     </span>
    </p>
   </div>
   <div class='ocr_carea' id='block_1_3' title="bbox 113 925 1249 1012">
    <p class='ocr_par' dir='ltr' id='par_1_4' title="bbox 113 925 1249 1012">
     <span class='ocr_line' id='line_1_6' title="bbox 113 925 1249 1012; baseline -0.001 -24"><span class='ocrx_word' id='word_1_29' title='bbox 113 925 165 990; x_wconf 92' lang='lat' dir='ltr'>Da</span> <span class='ocrx_word' id='word_1_30' title='bbox 178 925 309 989; x_wconf 90' lang='lat' dir='ltr'>Trebio!</span> <span class='ocrx_word' id='word_1_31' title='bbox 334 948 411 1010; x_wconf 91' lang='lat' dir='ltr'>pone</span> <span class='ocrx_word' id='word_1_32' title='bbox 427 927 464 990; x_wconf 88' lang='lat' dir='ltr'>ad</span> <span class='ocrx_word' id='word_1_33' title='bbox 478 927 643 992; x_wconf 89' lang='lat' dir='ltr'>Trebium!</span> <span class='ocrx_word' id='word_1_34' title='bbox 689 925 755 1004; x_wconf 87' lang='lat' dir='ltr'>Vis,</span> <span class='ocrx_word' id='word_1_35' title='bbox 770 927 869 1006; x_wconf 82' lang='lat' dir='ltr'>frater,</span> <span class='ocrx_word' id='word_1_36' title='bbox 884 929 922 992; x_wconf 88' lang='lat' dir='ltr'>ab</span> <span class='ocrx_word' id='word_1_37' title='bbox 937 929 1006 1012; x_wconf 86' lang='lat' dir='ltr'>ipsis</span> <span class='ocrx_word' id='word_1_38' title='bbox 1025 933 1085 992; x_wconf 76' lang='lat'>1³⁵</span> <span class='ocrx_word' id='word_1_39' title='bbox 1140 953 1168 998; x_wconf 52' lang='lat' dir='ltr'>,a</span> <span class='ocrx_word' id='word_1_40' title='bbox 1248 967 1249 972; x_wconf 22' lang='grc' dir='ltr'><strong>κ</strong></span> 
     </span>
    </p>
   </div>
   <div class='ocr_carea' id='block_1_4' title="bbox 113 1029 1088 1635">
    <p class='ocr_par' dir='ltr' id='par_1_5' title="bbox 114 1029 933 1116">
     <span class='ocr_line' id='line_1_7' title="bbox 114 1029 933 1116; baseline 0.005 -24"><span class='ocrx_word' id='word_1_41' title='bbox 114 1029 229 1094; x_wconf 80' lang='lat' dir='ltr'>ilibus?</span> <span class='ocrx_word' id='word_1_42' title='bbox 274 1030 305 1092; x_wconf 93' lang='grc' dir='ltr'>Ο</span> <span class='ocrx_word' id='word_1_43' title='bbox 320 1031 442 1108; x_wconf 87' lang='lat' dir='ltr'>nummi,</span> <span class='ocrx_word' id='word_1_44' title='bbox 455 1033 538 1096; x_wconf 79' lang='lat' dir='ltr'>nobie</span> <span class='ocrx_word' id='word_1_45' title='bbox 552 1033 631 1098; x_wconf 91' lang='lat' dir='ltr'>hunc</span> <span class='ocrx_word' id='word_1_46' title='bbox 647 1046 764 1116; x_wconf 78' lang='lat' dir='ltr'>prestat</span> <span class='ocrx_word' id='word_1_47' title='bbox 778 1033 933 1110; x_wconf 89' lang='lat' dir='ltr'>honorem,</span> 
     </span>
    </p>

    <p class='ocr_par' dir='ltr' id='par_1_6' title="bbox 113 1133 939 1200">
     <span class='ocr_line' id='line_1_8' title="bbox 113 1133 939 1200; baseline 0.002 -4"><span class='ocrx_word' id='word_1_48' title='bbox 113 1133 178 1200; x_wconf 87' lang='lat' dir='ltr'>Vos</span> <span class='ocrx_word' id='word_1_49' title='bbox 193 1135 261 1198; x_wconf 88' lang='lat' dir='ltr'>estis</span> <span class='ocrx_word' id='word_1_50' title='bbox 277 1133 390 1198; x_wconf 80' lang='lat' dir='ltr'>iratres.</span> <span class='ocrx_word' id='word_1_51' title='bbox 435 1135 584 1198; x_wconf 82' lang='lat' dir='ltr'>Dominus</span> <span class='ocrx_word' id='word_1_52' title='bbox 597 1149 697 1200; x_wconf 88' lang='lat' dir='ltr'>tamen</span> <span class='ocrx_word' id='word_1_53' title='bbox 712 1150 743 1200; x_wconf 85' lang='lat' dir='ltr'>er</span> <span class='ocrx_word' id='word_1_54' title='bbox 758 1135 869 1200; x_wconf 88' lang='lat' dir='ltr'>domiui</span> <span class='ocrx_word' id='word_1_55' title='bbox 884 1157 939 1200; x_wconf 87' lang='lat' dir='ltr'>rex</span> 
     </span>
    </p>

    <p class='ocr_par' dir='ltr' id='par_1_7' title="bbox 116 1237 755 1324">
     <span class='ocr_line' id='line_1_9' title="bbox 116 1237 755 1324; baseline 0 -22"><span class='ocrx_word' id='word_1_56' title='bbox 116 1237 150 1302; x_wconf 88' lang='lat' dir='ltr'>Si</span> <span class='ocrx_word' id='word_1_57' title='bbox 164 1239 208 1302; x_wconf 81' lang='lat' dir='ltr'>ris</span> <span class='ocrx_word' id='word_1_58' title='bbox 222 1253 253 1301; x_wconf 91' lang='lat' dir='ltr'>tu</span> <span class='ocrx_word' id='word_1_59' title='bbox 268 1239 343 1316; x_wconf 88' lang='lat' dir='ltr'>fieri,</span> <span class='ocrx_word' id='word_1_60' title='bbox 357 1237 453 1302; x_wconf 90' lang='lat' dir='ltr'>nullus</span> <span class='ocrx_word' id='word_1_61' title='bbox 467 1239 518 1302; x_wconf 88' lang='lat' dir='ltr'>tibi</span> <span class='ocrx_word' id='word_1_62' title='bbox 533 1239 672 1324; x_wconf 85' lang='lat' dir='ltr'>parvulus</span> <span class='ocrx_word' id='word_1_63' title='bbox 686 1239 755 1304; x_wconf 73' lang='lat' dir='ltr'>auli</span> 
     </span>
    </p>

    <p class='ocr_par' dir='ltr' id='par_1_8' title="bbox 116 1341 782 1420">
     <span class='ocr_line' id='line_1_10' title="bbox 116 1341 782 1420; baseline 0 -14"><span class='ocrx_word' id='word_1_64' title='bbox 116 1341 235 1406; x_wconf 81' lang='lat' dir='ltr'>Luserit</span> <span class='ocrx_word' id='word_1_65' title='bbox 249 1343 374 1420; x_wconf 85' lang='lat' dir='ltr'>AEneas,</span> <span class='ocrx_word' id='word_1_66' title='bbox 387 1363 445 1408; x_wconf 85' lang='lat' dir='ltr'>neo</span> <span class='ocrx_word' id='word_1_67' title='bbox 459 1343 518 1407; x_wconf 86' lang='lat' dir='ltr'>filia</span> <span class='ocrx_word' id='word_1_68' title='bbox 532 1343 647 1408; x_wconf 88' lang='lat' dir='ltr'>dulcior</span> <span class='ocrx_word' id='word_1_69' title='bbox 660 1343 721 1406; x_wconf 91' lang='lat' dir='ltr'>illo.</span> <span class='ocrx_word' id='word_1_70' title='bbox 779 1411 782 1418; x_wconf 57' lang='grc'><em>,</em></span> 
     </span>
    </p>

    <p class='ocr_par' dir='ltr' id='par_1_9' title="bbox 115 1445 1088 1635">
     <span class='ocr_line' id='line_1_11' title="bbox 115 1445 1088 1514; baseline 0 -6"><span class='ocrx_word' id='word_1_71' title='bbox 115 1445 285 1514; x_wconf 74' lang='lat' dir='ltr'>iucundum</span> <span class='ocrx_word' id='word_1_72' title='bbox 301 1461 331 1510; x_wconf 86' lang='lat' dir='ltr'>ct</span> <span class='ocrx_word' id='word_1_73' title='bbox 344 1469 448 1510; x_wconf 90' lang='lat' dir='ltr'>carum</span> <span class='ocrx_word' id='word_1_74' title='bbox 462 1447 566 1512; x_wconf 85' lang='lat' dir='ltr'>sterilis</span> <span class='ocrx_word' id='word_1_75' title='bbox 579 1447 649 1512; x_wconf 82' lang='lat' dir='ltr'>facit</span> <span class='ocrx_word' id='word_1_76' title='bbox 663 1469 739 1512; x_wconf 80' lang='lat' dir='ltr'>uxor</span> <span class='ocrx_word' id='word_1_77' title='bbox 753 1447 895 1512; x_wconf 80' lang='lat' dir='ltr'>amicum·</span> <span class='ocrx_word' id='word_1_78' title='bbox 1028 1451 1088 1509; x_wconf 76' lang='lat'>140</span> 
     </span>
     <span class='ocr_line' id='line_1_12' title="bbox 117 1549 921 1635; baseline 0 -21"><span class='ocrx_word' id='word_1_79' title='bbox 117 1550 181 1614; x_wconf 86' lang='lat' dir='ltr'>Sed</span> <span class='ocrx_word' id='word_1_80' title='bbox 196 1566 245 1613; x_wconf 86' lang='lat' dir='ltr'>rua</span> <span class='ocrx_word' id='word_1_81' title='bbox 260 1571 338 1614; x_wconf 89' lang='lat' dir='ltr'>nunc</span> <span class='ocrx_word' id='word_1_82' title='bbox 353 1549 474 1634; x_wconf 86' lang='lat' dir='ltr'>Mycale</span> <span class='ocrx_word' id='word_1_83' title='bbox 489 1552 585 1634; x_wconf 84' lang='lat' dir='ltr'>pariat</span> <span class='ocrx_word' id='word_1_84' title='bbox 598 1553 677 1628; x_wconf 82' lang='lat' dir='ltr'>iicet,</span> <span class='ocrx_word' id='word_1_85' title='bbox 693 1566 723 1616; x_wconf 90' lang='lat' dir='ltr'>et</span> <span class='ocrx_word' id='word_1_86' title='bbox 737 1573 847 1635; x_wconf 89' lang='lat' dir='ltr'>pueros</span> <span class='ocrx_word' id='word_1_87' title='bbox 860 1564 921 1614; x_wconf 83' lang='lat' dir='ltr'>ues</span> 
     </span>
    </p>
   </div>
   <div class='ocr_carea' id='block_1_5' title="bbox 14 1653 872 1741">
    <p class='ocr_par' dir='ltr' id='par_1_10' title="bbox 14 1653 872 1741">
     <span class='ocr_line' id='line_1_13' title="bbox 14 1653 872 1741; baseline -0.001 -25"><span class='ocrx_word' id='word_1_88' title='bbox 14 1683 16 1686; x_wconf 95' lang='lat'>·</span> <span class='ocrx_word' id='word_1_89' title='bbox 117 1653 150 1716; x_wconf 89' lang='lat' dir='ltr'>ln</span> <span class='ocrx_word' id='word_1_90' title='bbox 166 1655 311 1738; x_wconf 79' lang='lat' dir='ltr'>gremium</span> <span class='ocrx_word' id='word_1_91' title='bbox 328 1655 414 1738; x_wconf 87' lang='lat' dir='ltr'>patris</span> <span class='ocrx_word' id='word_1_92' title='bbox 430 1653 532 1720; x_wconf 80' lang='lat' dir='ltr'>[undat</span> <span class='ocrx_word' id='word_1_93' title='bbox 546 1656 654 1720; x_wconf 87' lang='lat' dir='ltr'>simul:</span> <span class='ocrx_word' id='word_1_94' title='bbox 676 1657 741 1741; x_wconf 84' lang='lat' dir='ltr'>ipse</span> <span class='ocrx_word' id='word_1_95' title='bbox 755 1653 872 1738; x_wconf 88' lang='lat' dir='ltr'>loquaci</span> 
     </span>
    </p>
   </div>
   <div class='ocr_carea' id='block_1_6' title="bbox 117 1757 1086 2051">
    <p class='ocr_par' dir='ltr' id='par_1_11' title="bbox 117 1757 1086 2051">
     <span class='ocr_line' id='line_1_14' title="bbox 117 1757 780 1844; baseline -0.002 -23"><span class='ocrx_word' id='word_1_96' title='bbox 117 1757 268 1821; x_wconf 81' lang='lat' dir='ltr'>Gaudebit</span> <span class='ocrx_word' id='word_1_97' title='bbox 283 1757 371 1836; x_wconf 85' lang='lat' dir='ltr'>nido;</span> <span class='ocrx_word' id='word_1_98' title='bbox 393 1758 516 1822; x_wconf 88' lang='lat' dir='ltr'>viridem</span> <span class='ocrx_word' id='word_1_99' title='bbox 531 1761 653 1824; x_wconf 86' lang='lat' dir='ltr'>thuraea</span> <span class='ocrx_word' id='word_1_100' title='bbox 661 1760 780 1844; x_wconf 83' lang='lat' dir='ltr'>jubebit</span> 
     </span>
     <span class='ocr_line' id='line_1_15' title="bbox 117 1862 894 1948; baseline -0.004 -22"><span class='ocrx_word' id='word_1_101' title='bbox 117 1863 235 1938; x_wconf 78' lang='lat' dir='ltr'>Afferri,</span> <span class='ocrx_word' id='word_1_102' title='bbox 252 1862 443 1948; x_wconf 81' lang='lat' dir='ltr'>minimasque</span> <span class='ocrx_word' id='word_1_103' title='bbox 459 1885 561 1942; x_wconf 87' lang='lat' dir='ltr'>nuces,</span> <span class='ocrx_word' id='word_1_104' title='bbox 577 1885 733 1947; x_wconf 80' lang='lat' dir='ltr'>assemque</span> <span class='ocrx_word' id='word_1_105' title='bbox 748 1876 894 1946; x_wconf 80' lang='lat' dir='ltr'>rogatum,</span> 
     </span>
     <span class='ocr_line' id='line_1_16' title="bbox 117 1967 1086 2051; baseline -0.003 -21"><span class='ocrx_word' id='word_1_106' title='bbox 117 1967 167 2030; x_wconf 87' lang='lat' dir='ltr'>Ad</span> <span class='ocrx_word' id='word_1_107' title='bbox 184 1987 315 2029; x_wconf 87' lang='lat' dir='ltr'>mensam</span> <span class='ocrx_word' id='word_1_108' title='bbox 331 1967 445 2050; x_wconf 90' lang='lat' dir='ltr'>quoties</span> <span class='ocrx_word' id='word_1_109' title='bbox 461 1968 601 2051; x_wconf 80' lang='lat' dir='ltr'>parasitus</span> <span class='ocrx_word' id='word_1_110' title='bbox 615 1969 728 2048; x_wconf 73' lang='lat' dir='ltr'>venerit</span> <span class='ocrx_word' id='word_1_111' title='bbox 742 1967 846 2030; x_wconf 81' lang='lat' dir='ltr'>infans.</span> <span class='ocrx_word' id='word_1_112' title='bbox 1027 1971 1086 2028; x_wconf 83' lang='lat'>145</span> 
     </span>
    </p>
   </div>
   <div class='ocr_carea' id='block_1_7' title="bbox 120 2069 1089 2675">
    <p class='ocr_par' dir='ltr' id='par_1_12' title="bbox 120 2069 1089 2675">
     <span class='ocr_line' id='line_1_17' title="bbox 160 2069 815 2156; baseline 0.003 -23"><span class='ocrx_word' id='word_1_113' title='bbox 160 2069 276 2134; x_wconf 90' lang='lat' dir='ltr'>Vilibus</span> <span class='ocrx_word' id='word_1_114' title='bbox 291 2071 432 2154; x_wconf 87' lang='lat' dir='ltr'>ancipites</span> <span class='ocrx_word' id='word_1_115' title='bbox 445 2069 526 2156; x_wconf 82' lang='lat' dir='ltr'>fungi</span> <span class='ocrx_word' id='word_1_116' title='bbox 541 2085 686 2154; x_wconf 90' lang='lat' dir='ltr'>ponentur</span> <span class='ocrx_word' id='word_1_117' title='bbox 702 2073 815 2150; x_wconf 88' lang='lat' dir='ltr'>amicis,</span> 
     </span>
     <span class='ocr_line' id='line_1_18' title="bbox 120 2175 846 2258; baseline 0 -20"><span class='ocrx_word' id='word_1_118' title='bbox 120 2175 245 2238; x_wconf 85' lang='lat' dir='ltr'>Boletos</span> <span class='ocrx_word' id='word_1_119' title='bbox 260 2175 401 2254; x_wconf 85' lang='lat' dir='ltr'>domin03</span> <span class='ocrx_word' id='word_1_120' title='bbox 422 2175 476 2238; x_wconf 88' lang='lat' dir='ltr'>sed</span> <span class='ocrx_word' id='word_1_121' title='bbox 492 2176 609 2258; x_wconf 87' lang='lat' dir='ltr'>qualem</span> <span class='ocrx_word' id='word_1_122' title='bbox 625 2175 770 2238; x_wconf 90' lang='lat' dir='ltr'>Claudius</span> <span class='ocrx_word' id='word_1_123' title='bbox 785 2178 846 2238; x_wconf 93' lang='lat' dir='ltr'>edit</span> 
     </span>
     <span class='ocr_line' id='line_1_19' title="bbox 120 2278 882 2363; baseline -0.004 -21"><span class='ocrx_word' id='word_1_124' title='bbox 120 2281 199 2342; x_wconf 89' lang='lat' dir='ltr'>Ante</span> <span class='ocrx_word' id='word_1_125' title='bbox 213 2280 293 2342; x_wconf 92' lang='lat' dir='ltr'>illum</span> <span class='ocrx_word' id='word_1_126' title='bbox 308 2280 418 2356; x_wconf 86' lang='lat' dir='ltr'>uxoris,</span> <span class='ocrx_word' id='word_1_127' title='bbox 434 2292 603 2363; x_wconf 87' lang='lat' dir='ltr'>postquem</span> <span class='ocrx_word' id='word_1_128' title='bbox 618 2278 658 2340; x_wconf 89' lang='lat' dir='ltr'>nil</span> <span class='ocrx_word' id='word_1_129' title='bbox 673 2279 797 2362; x_wconf 85' lang='lat' dir='ltr'>ampliirs</span> <span class='ocrx_word' id='word_1_130' title='bbox 812 2279 882 2340; x_wconf 88' lang='lat' dir='ltr'>edit.</span> 
     </span>
     <span class='ocr_line' id='line_1_20' title="bbox 162 2379 867 2466; baseline -0.003 -22"><span class='ocrx_word' id='word_1_131' title='bbox 162 2382 251 2446; x_wconf 89' lang='lat' dir='ltr'>Virro</span> <span class='ocrx_word' id='word_1_132' title='bbox 266 2384 359 2446; x_wconf 89' lang='lat' dir='ltr'>sibiet</span> <span class='ocrx_word' id='word_1_133' title='bbox 373 2381 492 2466; x_wconf 86' lang='lat' dir='ltr'>reliquis</span> <span class='ocrx_word' id='word_1_134' title='bbox 506 2379 680 2444; x_wconf 80' lang='lat' dir='ltr'>Virronibus</span> <span class='ocrx_word' id='word_1_135' title='bbox 693 2381 742 2442; x_wconf 89' lang='lat' dir='ltr'>illa</span> <span class='ocrx_word' id='word_1_136' title='bbox 751 2381 867 2464; x_wconf 89' lang='lat' dir='ltr'>jubebit</span> 
     </span>
     <span class='ocr_line' id='line_1_21' title="bbox 120 2484 1089 2569; baseline -0.002 -17"><span class='ocrx_word' id='word_1_137' title='bbox 120 2487 219 2552; x_wconf 85' lang='lat' dir='ltr'>Poma</span> <span class='ocrx_word' id='word_1_138' title='bbox 234 2487 307 2563; x_wconf 89' lang='lat' dir='ltr'>dari,</span> <span class='ocrx_word' id='word_1_139' title='bbox 322 2507 448 2569; x_wconf 90' lang='lat' dir='ltr'>quorum</span> <span class='ocrx_word' id='word_1_140' title='bbox 462 2485 525 2548; x_wconf 90' lang='lat' dir='ltr'>solo</span> <span class='ocrx_word' id='word_1_141' title='bbox 540 2484 669 2566; x_wconf 86' lang='lat' dir='ltr'>pascaris</span> <span class='ocrx_word' id='word_1_142' title='bbox 684 2485 796 2564; x_wconf 83' lang='lat' dir='ltr'>odore3</span> <span class='ocrx_word' id='word_1_143' title='bbox 1007 2539 1009 2551; x_wconf 35' lang='lat'>1</span> <span class='ocrx_word' id='word_1_144' title='bbox 1031 2491 1089 2550; x_wconf 83' lang='lat'>150</span> 
     </span>
     <span class='ocr_line' id='line_1_22' title="bbox 122 2587 910 2675; baseline -0.004 -20"><span class='ocrx_word' id='word_1_145' title='bbox 122 2592 233 2668; x_wconf 83' lang='lat' dir='ltr'>Qualia</span> <span class='ocrx_word' id='word_1_146' title='bbox 247 2603 407 2675; x_wconf 86' lang='lat' dir='ltr'>perpetuus</span> <span class='ocrx_word' id='word_1_147' title='bbox 420 2587 583 2650; x_wconf 82' lang='lat' dir='ltr'>Phaeacum</span> <span class='ocrx_word' id='word_1_148' title='bbox 600 2601 757 2651; x_wconf 88' lang='lat' dir='ltr'>autumnus</span> <span class='ocrx_word' id='word_1_149' title='bbox 771 2590 910 2667; x_wconf 84' lang='lat' dir='ltr'>habebat,</span> 
     </span>
    </p>
   </div>
   <div class='ocr_carea' id='block_1_8' title="bbox 79 2691 1090 3608">
    <p class='ocr_par' dir='ltr' id='par_1_13' title="bbox 122 2691 868 2778">
     <span class='ocr_line' id='line_1_23' title="bbox 122 2691 868 2778; baseline -0.005 -18"><span class='ocrx_word' id='word_1_150' title='bbox 122 2695 259 2760; x_wconf 88' lang='lat' dir='ltr'>Credere</span> <span class='ocrx_word' id='word_1_151' title='bbox 274 2715 338 2778; x_wconf 82' lang='lat' dir='ltr'>que</span> <span class='ocrx_word' id='word_1_152' title='bbox 353 2691 447 2775; x_wconf 85' lang='lat' dir='ltr'>possis</span> <span class='ocrx_word' id='word_1_153' title='bbox 461 2691 600 2773; x_wconf 85' lang='lat' dir='ltr'>subrepta</span> <span class='ocrx_word' id='word_1_154' title='bbox 614 2693 763 2756; x_wconf 89' lang='lat' dir='ltr'>sororibus</span> <span class='ocrx_word' id='word_1_155' title='bbox 779 2693 868 2758; x_wconf 79' lang='lat' dir='ltr'>Astis.</span> 
     </span>
    </p>

    <p class='ocr_par' dir='ltr' id='par_1_14' title="bbox 122 2795 865 2880">
     <span class='ocr_line' id='line_1_24' title="bbox 122 2795 865 2880; baseline -0.004 -15"><span class='ocrx_word' id='word_1_156' title='bbox 122 2802 174 2865; x_wconf 89' lang='lat' dir='ltr'>Tu</span> <span class='ocrx_word' id='word_1_157' title='bbox 190 2799 289 2865; x_wconf 82' lang='lat' dir='ltr'>scabie</span> <span class='ocrx_word' id='word_1_158' title='bbox 305 2795 409 2861; x_wconf 80' lang='lat' dir='ltr'>frueris</span> <span class='ocrx_word' id='word_1_159' title='bbox 423 2795 501 2872; x_wconf 92' lang='lat' dir='ltr'>mali,</span> <span class='ocrx_word' id='word_1_160' title='bbox 517 2796 596 2880; x_wconf 92' lang='lat' dir='ltr'>quod</span> <span class='ocrx_word' id='word_1_161' title='bbox 611 2796 641 2858; x_wconf 93' lang='lat' dir='ltr'>in</span> <span class='ocrx_word' id='word_1_162' title='bbox 656 2819 764 2880; x_wconf 80' lang='lat' dir='ltr'>aggere</span> <span class='ocrx_word' id='word_1_163' title='bbox 780 2800 865 2872; x_wconf 87' lang='lat' dir='ltr'>rodit,</span> 
     </span>
    </p>

    <p class='ocr_par' dir='ltr' id='par_1_15' title="bbox 122 2897 906 2985">
     <span class='ocr_line' id='line_1_25' title="bbox 122 2897 906 2985; baseline -0.003 -19"><span class='ocrx_word' id='word_1_164' title='bbox 122 2903 185 2978; x_wconf 85' lang='lat' dir='ltr'>Qui</span> <span class='ocrx_word' id='word_1_165' title='bbox 198 2901 304 2983; x_wconf 79' lang='lat' dir='ltr'>tegitur</span> <span class='ocrx_word' id='word_1_166' title='bbox 318 2897 423 2982; x_wconf 76' lang='lat' dir='ltr'>parmi</span> <span class='ocrx_word' id='word_1_167' title='bbox 437 2910 467 2962; x_wconf 86' lang='lat' dir='ltr'>et</span> <span class='ocrx_word' id='word_1_168' title='bbox 480 2897 576 2980; x_wconf 77' lang='lat' dir='ltr'>galeri,</span> <span class='ocrx_word' id='word_1_169' title='bbox 592 2912 785 2982; x_wconf 85' lang='lat' dir='ltr'>metuensque</span> <span class='ocrx_word' id='word_1_170' title='bbox 800 2900 906 2985; x_wconf 86' lang='lat' dir='ltr'>flagelli</span> 
     </span>
    </p>

    <p class='ocr_par' dir='ltr' id='par_1_16' title="bbox 121 2999 1090 3190">
     <span class='ocr_line' id='line_1_26' title="bbox 121 2999 1090 3088; baseline -0.002 -18"><span class='ocrx_word' id='word_1_171' title='bbox 121 3005 219 3070; x_wconf 84' lang='lat' dir='ltr'>Discit</span> <span class='ocrx_word' id='word_1_172' title='bbox 234 3005 271 3066; x_wconf 91' lang='lat' dir='ltr'>ab</span> <span class='ocrx_word' id='word_1_173' title='bbox 286 2999 397 3068; x_wconf 74' lang='lat' dir='ltr'>hirsuti</span> <span class='ocrx_word' id='word_1_174' title='bbox 405 3001 540 3088; x_wconf 86' lang='lat' dir='ltr'>jaculum</span> <span class='ocrx_word' id='word_1_175' title='bbox 554 3017 692 3086; x_wconf 81' lang='lat' dir='ltr'>torquere</span> <span class='ocrx_word' id='word_1_176' title='bbox 707 3005 833 3087; x_wconf 77' lang='lat' dir='ltr'>capelli.</span> <span class='ocrx_word' id='word_1_177' title='bbox 1034 3011 1090 3068; x_wconf 80' lang='lat'>155</span> 
     </span>
     <span class='ocr_line' id='line_1_27' title="bbox 166 3104 912 3190; baseline -0.001 -17"><span class='ocrx_word' id='word_1_178' title='bbox 166 3107 302 3173; x_wconf 84' lang='lat' dir='ltr'>Forsitan</span> <span class='ocrx_word' id='word_1_179' title='bbox 316 3106 456 3190; x_wconf 86' lang='lat' dir='ltr'>impensae</span> <span class='ocrx_word' id='word_1_180' title='bbox 471 3104 630 3170; x_wconf 86' lang='lat' dir='ltr'>Virronem</span> <span class='ocrx_word' id='word_1_181' title='bbox 645 3127 768 3190; x_wconf 87' lang='lat' dir='ltr'>parcere</span> <span class='ocrx_word' id='word_1_182' title='bbox 783 3110 912 3172; x_wconf 85' lang='lat' dir='ltr'>credas.-</span> 
     </span>
    </p>

    <p class='ocr_par' dir='ltr' id='par_1_17' title="bbox 123 3211 934 3296">
     <span class='ocr_line' id='line_1_28' title="bbox 123 3211 934 3296; baseline -0.004 -19"><span class='ocrx_word' id='word_1_183' title='bbox 123 3211 195 3277; x_wconf 88' lang='lat' dir='ltr'>Hoc</span> <span class='ocrx_word' id='word_1_184' title='bbox 210 3212 278 3296; x_wconf 81' lang='lat' dir='ltr'>agit,</span> <span class='ocrx_word' id='word_1_185' title='bbox 293 3224 326 3274; x_wconf 88' lang='lat' dir='ltr'>ut</span> <span class='ocrx_word' id='word_1_186' title='bbox 338 3211 460 3280; x_wconf 89' lang='lat' dir='ltr'>doleas:</span> <span class='ocrx_word' id='word_1_187' title='bbox 483 3232 553 3273; x_wconf 88' lang='lat' dir='ltr'>nam</span> <span class='ocrx_word' id='word_1_188' title='bbox 567 3231 636 3294; x_wconf 82' lang='lat' dir='ltr'>quoe</span> <span class='ocrx_word' id='word_1_189' title='bbox 652 3211 811 3288; x_wconf 88' lang='lat' dir='ltr'>comoedia,</span> <span class='ocrx_word' id='word_1_190' title='bbox 826 3212 934 3274; x_wconf 89' lang='lat' dir='ltr'>mimus</span> 
     </span>
    </p>

    <p class='ocr_par' dir='ltr' id='par_1_18' title="bbox 79 3312 909 3398">
     <span class='ocr_line' id='line_1_29' title="bbox 79 3312 909 3398; baseline -0.002 -18"><span class='ocrx_word' id='word_1_191' title='bbox 79 3359 82 3364; x_wconf 82' lang='lat'><strong>.</strong></span> <span class='ocrx_word' id='word_1_192' title='bbox 123 3317 202 3393; x_wconf 82' lang='lat' dir='ltr'>Quis</span> <span class='ocrx_word' id='word_1_193' title='bbox 216 3315 319 3378; x_wconf 87' lang='lat' dir='ltr'>melior</span> <span class='ocrx_word' id='word_1_194' title='bbox 333 3315 465 3398; x_wconf 83' lang='lat' dir='ltr'>plorante</span> <span class='ocrx_word' id='word_1_195' title='bbox 479 3313 572 3397; x_wconf 76' lang='lat' dir='ltr'>guli?</span> <span class='ocrx_word' id='word_1_196' title='bbox 616 3312 700 3396; x_wconf 80' lang='lat' dir='ltr'>Ergo</span> <span class='ocrx_word' id='word_1_197' title='bbox 714 3314 813 3378; x_wconf 87' lang='lat' dir='ltr'>omniu</span> <span class='ocrx_word' id='word_1_198' title='bbox 826 3315 909 3391; x_wconf 84' lang='lat' dir='ltr'>fiunt,</span> 
     </span>
    </p>

    <p class='ocr_par' dir='ltr' id='par_1_19' title="bbox 125 3418 825 3502">
     <span class='ocr_line' id='line_1_30' title="bbox 125 3418 825 3502; baseline -0.004 -17"><span class='ocrx_word' id='word_1_199' title='bbox 125 3421 159 3485; x_wconf 92' lang='lat' dir='ltr'>Si</span> <span class='ocrx_word' id='word_1_200' title='bbox 173 3420 279 3496; x_wconf 88' lang='lat' dir='ltr'>nescis,</span> <span class='ocrx_word' id='word_1_201' title='bbox 295 3433 326 3482; x_wconf 85' lang='lat' dir='ltr'>ut</span> <span class='ocrx_word' id='word_1_202' title='bbox 339 3440 393 3502; x_wconf 91' lang='lat' dir='ltr'>per</span> <span class='ocrx_word' id='word_1_203' title='bbox 408 3419 553 3501; x_wconf 86' lang='lat' dir='ltr'>lacrymas</span> <span class='ocrx_word' id='word_1_204' title='bbox 567 3418 720 3482; x_wconf 87' lang='lat' dir='ltr'>effundere</span> <span class='ocrx_word' id='word_1_205' title='bbox 734 3419 825 3482; x_wconf 89' lang='lat' dir='ltr'>bilem</span> 
     </span>
    </p>

    <p class='ocr_par' dir='ltr' id='par_1_20' title="bbox 124 3522 759 3608">
     <span class='ocr_line' id='line_1_31' title="bbox 124 3522 759 3608; baseline -0.003 -20"><span class='ocrx_word' id='word_1_206' title='bbox 124 3524 262 3608; x_wconf 74' lang='lat' dir='ltr'>cogaris,</span> <span class='ocrx_word' id='word_1_207' title='bbox 276 3543 439 3608; x_wconf 88' lang='lat' dir='ltr'>pressoque</span> <span class='ocrx_word' id='word_1_208' title='bbox 454 3522 505 3584; x_wconf 92' lang='lat' dir='ltr'>diu</span> <span class='ocrx_word' id='word_1_209' title='bbox 519 3522 642 3586; x_wconf 85' lang='lat' dir='ltr'>stridere</span> <span class='ocrx_word' id='word_1_210' title='bbox 658 3523 759 3588; x_wconf 69' lang='lat' dir='ltr'>uiolari</span> 
     </span>
    </p>
   </div>
   <div class='ocr_carea' id='block_1_9' title="bbox 0 0 1285 4022">
    <p class='ocr_par' dir='ltr' id='par_1_21' title="bbox 0 0 1285 4022">
     <span class='ocr_line' id='line_1_32' title="bbox 0 0 1285 4022; baseline 0 0"><span class='ocrx_word' id='word_1_211' title='bbox 0 0 1285 4022; x_wconf 95' lang='lat' dir='ltr'> </span> 
     </span>
    </p>
   </div>
  </div>
 </body>
</html>
