2534 4022
114 365 155 420 54
419 357 451 404 D.
468 355 561 406 JUNII
576 353 767 408 suvuttams

113 503 305 587 Quanquam,
317 517 347 566 et
357 502 557 586 Cappadoces
570 503 687 581 saciant,
698 504 870 587 equitesque
882 501 1015 586 Bithyni,
1048 505 1085 564 15

114 611 217 674 Altera
232 629 306 689 quos
321 608 401 670 nudo
416 607 542 670 traducit
558 607 656 670 Gallia
671 610 739 670 talo.

115 712 217 775 Nemo
231 725 329 774 tamen
345 711 448 774 studiis
461 711 612 795 indignum
628 711 705 799 serre
721 713 853 776 laborem

119 816 253 898 Cogntur
267 816 400 898 posthac,
415 816 507 878 nectit
521 816 689 900 quicunque
704 817 821 880 canoris

116 919 277 1003 Eloquium
293 921 396 983 vocale
412 920 517 996 modis,
533 920 707 1004 laurumque
723 921 891 983 momordit.

117 1023 187 1088 Hoc
203 1025 290 1107 agite,
306 1023 481 1107 ojuvenes:
504 1023 712 1108 circumspicit,
728 1037 759 1086 et
773 1025 901 1086 stimulat
915 1043 976 1099 vos,
1046 1028 1089 1085 20

117 1127 334 1210 Materiemque
350 1127 403 1190 sibi
419 1128 502 1190 ducis
516 1128 695 1210 indulgentia
711 1129 822 1211 quaerit.

120 1233 153 1295 Si
169 1253 226 1316 qna
242 1232 358 1294 aliunde
374 1245 458 1315 putas
472 1253 571 1294 rerum
587 1234 788 1316 exspectanda
803 1247 918 1296 tuarum

119 1335 272 1412 Praesidia,
288 1349 376 1420 atque
391 1337 461 1400 ideo
475 1358 590 1399 croceae
606 1339 779 1400 membrana
792 1339 905 1401 tabellae

119 1441 281 1524 Impletur3
303 1442 448 1524 lignorum
460 1441 567 1524 aliquid
583 1463 675 1524 posce
690 1442 784 1519 ocilrs,
800 1457 839 1518 et,
855 1463 918 1526 quae

121 1545 296 1628 Componis,
312 1545 390 1606 dona
404 1543 542 1619 Veneris,
556 1544 730 1621 Thelesine‚
742 1547 856 1622 marito,

121 1651 183 1711 Aut
198 1648 304 1711 claude
320 1662 350 1710 et
364 1648 474 1730 positos
488 1647 566 1710 tinea
583 1649 727 1730 pertunde
742 1649 864 1714 libellos.

122 1753 242 1836 Frange
257 1753 347 1814 miser
361 1752 501 1826 calamos,
516 1751 691 1836 vigilataque
706 1753 811 1837 praelia
824 1754 902 1829 dele,

124 1857 186 1930 Qui
201 1856 274 1919 facis
289 1857 317 1918 in
333 1853 424 1940 parvi
438 1855 573 1918 sublimia
586 1858 717 1920 carmina
732 1857 820 1932 cellia,

124 1961 169 2024 Ut
183 1961 288 2044 dignus
302 1961 403 2024 venias
417 1960 536 2022 hederis
551 1975 581 2023 et
595 1963 723 2045 imagine
739 1959 851 2024 macri.

126 2067 204 2150 Spes
218 2067 296 2128 nulla
311 2067 452 2128 ulterior:
475 2065 576 2128 didicit
586 2068 649 2152 jam
665 2069 747 2129 dives
762 2087 866 2128 avarus

125 2171 256 2232 Tantirm
273 2171 419 2246 admirari,
434 2171 545 2236 tantum
561 2172 682 2234 laudare
698 2171 831 2244 disertoS‚

126 2273 168 2336 Ut
184 2274 265 2356 pueri
280 2263 406 2336 Junonis'
420 2297 517 2338 avem,
563 2273 625 2338 Sed
641 2271 743 2334 defluit
758 2285 836 2348 aetas,

128 2377 170 2440 Et
183 2377 280 2461 pelagi
296 2379 417 2462 patiens
434 2394 464 2442 et
478 2380 608 2454 cassidis,
624 2390 711 2459 atque
726 2375 840 2456 ligonis.

128 2481 233 2544 Taedia
249 2496 317 2546 tunc
333 2485 459 2546 subeunt
474 2483 586 2545 animos
595 2503 604 2560 3
627 2495 697 2544 tunc
712 2501 804 2562 seque
820 2501 964 2564 suamque

127 2588 348 2671 Terpsichoren
362 2588 424 2650 odit
439 2585 566 2648 secunda
581 2600 611 2647 et
625 2584 705 2649 nuda
719 2599 867 2648 senectus.

173 2693 287 2775 Accipe
302 2711 381 2754 nunc
397 2703 484 2765 artes,
499 2711 536 2752 ne
552 2689 622 2774 quid
637 2690 687 2752 tibi
702 2689 835 2753 conserat
849 2691 913 2766 iste,

129 2797 231 2871 Quem
248 2797 328 2869 colis,
344 2807 374 2854 ct
388 2792 542 2856 Musarum
558 2809 589 2858 et
602 2796 747 2878 Apollinis
764 2795 827 2856 aede
842 2793 955 2871 relicta.

129 2903 198 2986 lpse
215 2900 284 2962 lacit
298 2917 409 2970 versus
425 2910 513 2979 atque
530 2899 578 2960 uni
594 2898 674 2959 cedit
689 2896 825 2958 Homero

132 3007 258 3087 Propter
274 2999 351 3060 mille
368 3021 478 3078 annos;
501 3014 540 3077 et,
556 3002 579 3063 si
595 3001 752 3063 dulcedine
768 3001 853 3064 samae

133 3109 302 3171 Succensus
316 3103 433 3180 recites,
449 3104 625 3168 Maculonus
640 3105 810 3168 commodat
825 3104 915 3168 aedes.

134 3211 210 3273 Haec
225 3208 312 3291 longia
328 3208 436 3272 serrata
452 3209 558 3272 domus
574 3209 683 3274 servire
693 3209 823 3293 jubetur,

133 3317 167 3379 In
181 3312 243 3398 ¹quit
258 3314 393 3376 sollicitas
408 3314 535 3376 imitatur
544 3314 636 3398 janua
651 3327 760 3396 portas.

136 3421 200 3485 Scit
214 3421 285 3481 dare
300 3418 421 3478 libertos
437 3420 572 3480 extremi
585 3419 615 3480 in
629 3433 711 3502 parte
727 3417 865 3483 sedentes

56 3541 59 3546 ·
135 3523 265 3596 Ordinis,
281 3523 447 3600 et'maguas
461 3523 602 3588 comitum
619 3523 777 3608 disponere
791 3545 890 3588 voces.
