2534 4022
418 355 450 402 D.
466 349 559 400 JUNll
575 343 765 399 JUVENALIS

629 886 633 894 ·
692 871 707 884 ''
733 857 753 904 Α

150 931 300 1005 Quanvrs
316 927 447 1008 digressu
462 922 571 986 veteris
585 857 675 984 c‘inl‘

656 889 724 982 usui
740 915 836 988 amici,
926 896 969 958 ¹·

103 1036 212 1098 laudo
226 1047 336 1106 tamen,
352 1028 453 1092 vacuis
463 1025 542 1109 qubd
558 1023 662 1086 sedern
677 1022 768 1102 figere
784 1015 891 1079 Cumis

103 1139 249 1211 Destinet,
265 1149 352 1217 atque
367 1152 457 1194 unum
472 1129 569 1190 civem
583 1127 694 1188 donare
710 1121 840 1202 Sibyllae.
856 1133 863 1192 t
942 1189 947 1219 f

101 1242 199 1304 Janua
213 1239 355 1301 Baiarum
370 1249 424 1311 est,
440 1247 469 1295 et
482 1243 596 1314 gratum
610 1229 688 1290 littus
700 1223 809 1288 amoeni
835 1239 899 1293 ἴυζ’*
955 1237 958 1242 ’

102 1343 258 1408 Secessirs.
303 1340 372 1423 Ego
387 1337 434 1400 vel
449 1335 631 1416 Prochytam
646 1350 784 1414 praepono
801 1326 936 1389 Suburae.
1055 1327 1074 1380 5

101 1449 183 1512 Nam
199 1447 270 1529 quid
287 1459 349 1508 tam
367 1443 517 1514 miserum,
532 1453 594 1500 tam
608 1437 704 1500 solum
718 1431 854 1506 vidimus,
871 1441 974 1490 utnon

100 1550 241 1614 Deterids
255 1548 362 1611 credas
375 1546 494 1606 horrere
514 1539 660 1612 incendia,
675 1539 775 1618 lapsus

99 1655 264 1717 Tectorum
280 1649 421 1722 assiduos,
437 1667 472 1708 ac
488 1644 566 1706 mille
588 1639 717 1724 pericula
733 1658 816 1700 saevae

99 1757 200 1834 Urbis,
213 1769 243 1817 et
256 1756 394 1835 Augusto
409 1749 564 1812 recitantes
579 1765 682 1806 mense
695 1740 822 1826 poetas?

100 1861 165 1923 Sed
180 1860 251 1920 dum
263 1871 322 1920 tota
338 1857 444 1917 domus
459 1849 554 1916 rhedb
567 1849 751 1934 componitur
766 1848 834 1924 und,
1033 1849 1071 1905 10

99 1963 233 2027 Substitit
244 1963 281 2023 ad
296 1973 411 2022 veteres
426 1979 513 2020 arcus
526 1956 736 2038 madidamque
751 1952 917 2036 Capenam.

98 2067 170 2143 Hic,
186 2067 236 2128 ubi
250 2078 398 2126 nocturnae
415 2063 517 2125 Numa
533 2060 729 2124 constituebat
743 2058 856 2133 arnicas,

97 2171 187 2232 Nunc
203 2169 278 2231 sacri
293 2167 377 2229 sontis
391 2187 497 2228 nemus
512 2177 541 2226 et
556 2164 679 2225 delubra
694 2163 828 2222 locantur

96 2272 207 2335 Judaeis
223 2291 347 2354 quorum
363 2269 507 2352 cophinus
522 2266 694 2348 foenumque
708 2265 852 2346 supellex.

97 2375 218 2458 (Omnis
234 2375 312 2436 enim
327 2373 436 2455 populo
448 2369 621 2432 mercedem
636 2367 767 2450 pendere
773 2365 858 2449 jussa
872 2378 916 2427 est
1029 2369 1067 2424 15

94 2481 202 2553 Arbor,
219 2492 248 2539 et
263 2477 364 2560 ejectis
378 2474 529 2536 mendicat
543 2473 613 2534 silva
628 2469 806 2550 Camoenis.)

94 2581 129 2644 In
143 2581 250 2642 vallem
265 2577 382 2660 Egeriae
398 2576 617 2650 descendimus,
633 2589 663 2636 et
677 2575 833 2657 speluncas

94 2683 260 2748 Dissimiles
268 2680 355 2744 veris.
401 2678 522 2753 Quantb
536 2679 722 2762 praestantius
738 2691 816 2740 esset

94 2789 215 2852 Numen
228 2808 321 2869 aqua,
336 2785 419 2848 viridi
435 2785 459 2847 si
473 2784 605 2866 margine
620 2784 773 2846 clauderet
788 2784 881 2845 undas

93 2891 209 2966 Herba,
224 2911 281 2952 nec
296 2890 456 2969 ingenuum
468 2886 613 2976 uiolarent
626 2906 774 2948 marmora
788 2883 936 2968 tophum?
1023 2887 1066 2944 20

93 2994 154 3058 Hic
169 3009 238 3057 tuno
253 2991 435 3066 Umbricius,
458 2989 589 3062 Quando
605 2989 722 3064 artibus,
737 2989 839 3072 inquit,
851 2988 979 3050 honestis

92 3098 199 3162 Nullus
213 3097 242 3158 in
257 3094 341 3158 Urbe
356 3096 448 3170 locus,
464 3093 543 3156 nulla
558 3093 757 3156 emolumenta
771 3093 915 3166 laborum,

92 3202 156 3266 Res
171 3201 258 3264 hodie
274 3200 369 3262 minor
384 3213 438 3273 est,
452 3197 524 3260 here
541 3197 630 3280 quiam
645 3197 706 3272 suit,
722 3210 809 3279 atque
824 3197 931 3258 eadem
947 3217 1012 3259 cras

91 3307 215 3370 Deteret
230 3303 345 3385 exiguis
361 3301 490 3384 aliquid:
512 3301 702 3383 proponimus
716 3301 786 3364 illuc

90 3411 149 3487 Ire,
165 3409 297 3490 fatigatas
312 3405 361 3469 ubi
376 3404 518 3468 Daedalus
530 3399 690 3480 cannales,
1021 3410 1062 3466 ⁶25

90 3515 174 3579 Dum
188 3533 264 3576 nova
278 3510 409 3606 canities,
425 3508 496 3570 dum
510 3509 606 3592 prima
620 3523 651 3573 et
665 3524 745 3573 recta
760 3488 906 3584 senectus,
