2534 4022
104 333 145 390 42
328 333 336 344 '
414 326 447 374 D.
462 325 557 374 sunu
571 325 763 378 Juvnrtams
784 323 787 327 ’

104 476 165 538 Aut
179 475 240 539 odit
254 495 372 558 pueros,
388 488 437 538 aut
452 473 522 540 ficta
535 475 642 558 pellice
657 476 761 559 plorat,
1011 475 1076 536 225

103 578 253 642 Uberibus
268 599 387 662 semper
400 579 548 660 lacrymis,
565 601 743 664 semperque
758 580 868 664 paratis

104 681 138 744 ln
154 677 277 745 statione
291 682 355 758 sub,
371 695 458 766 atqua
474 685 714 767 exspectantibus
729 686 819 762 illam,

106 783 291 870 Quojubeat
306 808 427 850 manare
443 788 553 852 modo:
576 802 607 852 tu
621 789 720 852 credis
735 811 879 865 amorem,

106 889 156 952 Tu
172 891 222 953 tibi
237 907 306 954 tunc
321 913 447 956 curruca
462 892 573 975 places,
588 893 748 978 fletumque
763 895 876 958 labellis

105 993 280 1076 Exsorbes3
303 1018 366 1080 quae
380 997 487 1080 scripta
502 1011 532 1060 et
547 1011 618 1080 quot
630 999 742 1062 lecture
757 999 892 1074 tabellae,
1012 999 1077 1058 230

106 1098 138 1160 Si
155 1100 204 1163 tibi
219 1101 361 1184 zelotypa
376 1113 544 1182 retegantur
558 1101 664 1164 scrinia
678 1103 803 1166 nroechae
817 1104 826 1166 l

107 1203 169 1266 Sed
180 1204 263 1288 jacet
277 1206 305 1267 in
321 1206 397 1270 servi
412 1205 618 1288 complexibus
632 1221 682 1270 ant
697 1208 811 1291 equitis.
855 1207 928 1285 Dic,

105 1307 164 1370 Dic
181 1309 318 1392 aliquem,
334 1310 431 1386 sodes,
447 1308 507 1385 hic,
523 1308 713 1389 Quintiliane,
729 1314 882 1378 colorem:

106 1411 274 1492 Haeremus,
291 1416 339 1478 dic
354 1416 427 1498 ipsa.
474 1414 556 1478 Olim
570 1433 759 1494 convenerat,
774 1420 876 1503 inquit,

103 1515 146 1583 Ut
162 1517 276 1580 laceres
290 1533 332 1593 tu,
348 1519 428 1600 quod
443 1519 544 1593 velles,
559 1541 616 1581 nec
630 1543 689 1584 non
705 1543 762 1604 ego
778 1543 897 1605 possem
1012 1523 1076 1581 235

105 1621 262 1704 Indulgere
278 1622 370 1684 mihi:
392 1623 505 1684 clames
519 1621 597 1699 licet,
613 1639 643 1688 et
657 1646 739 1696 mare
755 1627 835 1690 coelo

106 1725 290 1804 Confundas,
307 1728 396 1790 homo
411 1747 487 1790 snm.
533 1727 615 1790 Nibil
630 1743 674 1791 est
690 1731 832 1794 audacius
848 1733 902 1794 illis

109 1831 290 1913 lleprbnsis:
313 1833 387 1894 iram
402 1845 489 1916 atque
505 1833 618 1896 arrianos
633 1856 651 1896 a
666 1835 787 1898 crimine
803 1849 931 1898 sumunt.

105 1935 194 1999 Unde
211 1938 274 2000 haec
291 1953 421 2002 monstra
435 1951 546 2014 tamen,
560 1939 607 2000 vel
623 1959 681 2021 quo
697 1940 735 2002 de
751 1938 840 2015 sonte,
855 1937 1002 2021 requiris?

105 2041 268 2107 Praestabat
282 2058 378 2106 castas
392 2043 508 2106 humilis
524 2041 639 2106 fortuna
653 2043 777 2108 ladnas
829 2069 831 2076 ⁴
1012 2045 1077 2102 240

103 2148 276 2223 Quondam,
291 2171 347 2210 nec
364 2149 437 2210 vitiis
451 2149 577 2228 contingi
592 2169 683 2228 parva
698 2150 830 2211 sinebant

103 2251 202 2315 Tecta
216 2253 309 2326 labor,
324 2251 477 2332 somnique
493 2251 608 2324 brevest,
624 2250 777 2312 attollere
792 2251 899 2314 Tusce

103 2357 228 2420 Vexata
244 2357 383 2438 duraeque
399 2375 513 2429 manus,
530 2375 565 2416 ac
579 2353 733 2436 proximus
747 2353 823 2416 Urbi

105 2461 265 2537 Hannibal,
281 2474 311 2523 et
325 2473 434 2522 stantes
449 2457 566 2520 Collinri
581 2471 660 2518 turre
676 2457 781 2518 mariti.

105 2569 196 2631 Nunc
211 2567 337 2650 patimur
351 2565 444 2645 lougae
461 2563 541 2644 pacis
556 2562 644 2624 rnala.
692 2562 803 2625 Saevior
817 2565 905 2626 armis
1012 2569 1075 2626 245

106 2671 241 2736 Luxuria
255 2669 396 2744 incubuit,
410 2669 578 2752 victumque
594 2668 741 2731 ulciscitur
755 2671 869 2734 orbem.

106 2777 230 2841 Nullum
245 2777 357 2840 crimen
374 2775 466 2850 abest,
481 2773 652 2857 facinusque
667 2773 802 2848 libidinis,
818 2797 858 2836 ex
874 2796 934 2854 qun
1005 2825 1009 2832 .

106 2883 272 2965 Paupertas
287 2874 427 2940 Romana
442 2877 538 2958 perit:
561 2878 629 2938 hinc
644 2877 729 2939 fluxit
743 2877 781 2937 ad
796 2877 867 2938 istos
965 2937 970 2942 .

107 2984 149 3049 Et
164 2983 286 3067 Sybaris
301 2981 403 3056 eolles,
417 2980 485 3042 hinc
501 2993 531 3042 et
546 2979 682 3056 Rhodos,
699 2995 729 3044 et
743 2980 873 3058 Miletos,

105 3093 205 3174 Atque
217 3099 390 3150 coronatum
402 3099 431 3148 et
445 3085 579 3170 petulans
590 3087 802 3168 madidumque
813 3086 989 3150 Tarentum.
1012 3093 1078 3150 250

107 3197 211 3259 Prima
225 3193 395 3277 peregrinos
409 3192 550 3254 cbscoena
565 3191 699 3253 Pecunia
714 3209 812 3252 mores

106 3300 213 3377 Intulit,
229 3313 259 3361 et
273 3297 348 3381 turpi
363 3295 512 3377 fregerunt
526 3295 633 3356 saecula
646 3295 720 3356 luxu

106 3407 222 3471 Divitiae
239 3403 352 3464 molles.
378 3427 386 3441 =
399 3397 482 3472 Quid
497 3398 577 3460 euim
590 3396 694 3462 Venus
708 3399 789 3462 ebria
804 3415 886 3462 curat
899 3399 957 3463 9-

154 3513 193 3576 Ut
208 3519 321 3591 spectet
335 3505 431 3580 ludos,
447 3503 586 3566 conducit
601 3502 732 3586 Ogulnia
745 3519 869 3581 vestem,
