<?xml version="1.0" encoding="UTF-8"?>
<!DOCTYPE html PUBLIC "-//W3C//DTD XHTML 1.0 Transitional//EN"
    "http://www.w3.org/TR/xhtml1/DTD/xhtml1-transitional.dtd">
<html xmlns="http://www.w3.org/1999/xhtml" xml:lang="en" lang="en">
 <head>
  <title>
</title>
<meta http-equiv="Content-Type" content="text/html;charset=utf-8" />
  <meta name='ocr-system' content='tesseract 3.04.00' />
  <meta name='ocr-capabilities' content='ocr_page ocr_carea ocr_par ocr_line ocrx_word'/>
</head>
<body>
  <div class='ocr_page' id='page_1' title='image "./djuniijuvenalis09juvegoog_0134.png"; bbox 0 0 2532 4008; ppageno 0'>
   <div class='ocr_carea' id='block_1_1' title="bbox 563 308 1158 398">
    <p class='ocr_par' dir='ltr' id='par_1_1' title="bbox 563 308 1158 398">
     <span class='ocr_line' id='line_1_1' title="bbox 563 308 1158 398; baseline -0.002 -38"><span class='ocrx_word' id='word_1_1' title='bbox 563 308 685 379; x_wconf 75' lang='lat' dir='ltr'>sarran</span> <span class='ocrx_word' id='word_1_2' title='bbox 705 311 776 388; x_wconf 61' lang='lat' dir='ltr'>syr.</span> <span class='ocrx_word' id='word_1_3' title='bbox 1098 314 1158 398; x_wconf 62' lang='lat'>127</span> 
     </span>
    </p>
   </div>
   <div class='ocr_carea' id='block_1_2' title="bbox 72 455 1158 3556">
    <p class='ocr_par' dir='ltr' id='par_1_2' title="bbox 72 455 1158 3556">
     <span class='ocr_line' id='line_1_2' title="bbox 182 455 864 538; baseline 0 -18"><span class='ocrx_word' id='word_1_4' title='bbox 182 457 338 520; x_wconf 87' lang='lat' dir='ltr'>Consensu</span> <span class='ocrx_word' id='word_1_5' title='bbox 354 467 460 538; x_wconf 85' lang='lat' dir='ltr'>magno</span> <span class='ocrx_word' id='word_1_6' title='bbox 475 455 614 534; x_wconf 88' lang='lat' dir='ltr'>efficiunt,</span> <span class='ocrx_word' id='word_1_7' title='bbox 631 457 768 522; x_wconf 85' lang='lat' dir='ltr'>curabilis</span> <span class='ocrx_word' id='word_1_8' title='bbox 783 471 813 533; x_wconf 88' lang='lat' dir='ltr'>ut</span> <span class='ocrx_word' id='word_1_9' title='bbox 828 460 864 522; x_wconf 88' lang='lat' dir='ltr'>sit</span> 
     </span>
     <span class='ocr_line' id='line_1_3' title="bbox 180 557 1070 646; baseline 0.004 -24"><span class='ocrx_word' id='word_1_10' title='bbox 180 557 316 623; x_wconf 81' lang='lat' dir='ltr'><strong>Vindicta</strong></span> <span class='ocrx_word' id='word_1_11' title='bbox 333 575 362 622; x_wconf 91' lang='lat' dir='ltr'>et</span> <span class='ocrx_word' id='word_1_12' title='bbox 377 559 500 642; x_wconf 87' lang='lat' dir='ltr'>gravior,</span> <span class='ocrx_word' id='word_1_13' title='bbox 517 561 605 642; x_wconf 76' lang='lat' dir='ltr'>quarn</span> <span class='ocrx_word' id='word_1_14' title='bbox 620 561 734 646; x_wconf 87' lang='lat' dir='ltr'>injuria.</span> <span class='ocrx_word' id='word_1_15' title='bbox 781 562 914 646; x_wconf 85' lang='lat' dir='ltr'>Dignum</span> <span class='ocrx_word' id='word_1_16' title='bbox 930 563 984 626; x_wconf 88' lang='lat' dir='ltr'>erit</span> <span class='ocrx_word' id='word_1_17' title='bbox 1000 582 1070 646; x_wconf 81' lang='lat' dir='ltr'>ergo</span> 
     </span>
     <span class='ocr_line' id='line_1_4' title="bbox 178 661 768 748; baseline -0.002 -21"><span class='ocrx_word' id='word_1_18' title='bbox 178 663 395 728; x_wconf 86' lang='lat' dir='ltr'>Declamatoris</span> <span class='ocrx_word' id='word_1_19' title='bbox 410 664 520 726; x_wconf 92' lang='lat' dir='ltr'>mulino</span> <span class='ocrx_word' id='word_1_20' title='bbox 535 665 626 744; x_wconf 85' lang='lat' dir='ltr'>corde</span> <span class='ocrx_word' id='word_1_21' title='bbox 642 661 768 748; x_wconf 83' lang='lat' dir='ltr'>Vagelli,</span> 
     </span>
     <span class='ocr_line' id='line_1_5' title="bbox 177 768 1025 859; baseline 0.004 -29"><span class='ocrx_word' id='word_1_22' title='bbox 177 768 279 841; x_wconf 83' lang='lat' dir='ltr'>Quum</span> <span class='ocrx_word' id='word_1_23' title='bbox 297 771 359 859; x_wconf 74' lang='lat' dir='ltr'>duo</span> <span class='ocrx_word' id='word_1_24' title='bbox 372 789 459 829; x_wconf 89' lang='lat' dir='ltr'>crura</span> <span class='ocrx_word' id='word_1_25' title='bbox 473 768 592 844; x_wconf 87' lang='lat' dir='ltr'>babeas,</span> <span class='ocrx_word' id='word_1_26' title='bbox 609 769 762 831; x_wconf 87' lang='lat' dir='ltr'>offendere</span> <span class='ocrx_word' id='word_1_27' title='bbox 778 783 819 832; x_wconf 92' lang='lat' dir='ltr'>tot</span> <span class='ocrx_word' id='word_1_28' title='bbox 834 772 951 856; x_wconf 78' lang='lat' dir='ltr'>caligas,</span> <span class='ocrx_word' id='word_1_29' title='bbox 968 784 1025 852; x_wconf 79' lang='lat' dir='ltr'>tot¹</span> 
     </span>
     <span class='ocr_line' id='line_1_6' title="bbox 175 870 1158 956; baseline -0.001 -20"><span class='ocrx_word' id='word_1_30' title='bbox 175 871 268 936; x_wconf 88' lang='lat' dir='ltr'>Millia</span> <span class='ocrx_word' id='word_1_31' title='bbox 283 873 445 936; x_wconf 87' lang='lat' dir='ltr'>clavorum.</span> <span class='ocrx_word' id='word_1_32' title='bbox 490 870 567 952; x_wconf 75' lang='lat' dir='ltr'>Quis</span> <span class='ocrx_word' id='word_1_33' title='bbox 581 886 641 934; x_wconf 87' lang='lat' dir='ltr'>tam</span> <span class='ocrx_word' id='word_1_34' title='bbox 657 875 759 956; x_wconf 81' lang='lat' dir='ltr'>procul</span> <span class='ocrx_word' id='word_1_35' title='bbox 775 875 848 936; x_wconf 88' lang='lat' dir='ltr'>absit</span> <span class='ocrx_word' id='word_1_36' title='bbox 864 875 899 937; x_wconf 88' lang='lat' dir='ltr'>ab</span> <span class='ocrx_word' id='word_1_37' title='bbox 915 873 1023 938; x_wconf 85' lang='lat' dir='ltr'>Urbe?</span> <span class='ocrx_word' id='word_1_38' title='bbox 1109 878 1158 954; x_wconf 48' lang='lat'>25,</span> 
     </span>
     <span class='ocr_line' id='line_1_7' title="bbox 176 975 981 1060; baseline 0.004 -23"><span class='ocrx_word' id='word_1_39' title='bbox 176 975 324 1038; x_wconf 87' lang='lat' dir='ltr'>Praeterea</span> <span class='ocrx_word' id='word_1_40' title='bbox 341 977 404 1060; x_wconf 91' lang='lat' dir='ltr'>quis</span> <span class='ocrx_word' id='word_1_41' title='bbox 419 991 478 1038; x_wconf 89' lang='lat' dir='ltr'>tam</span> <span class='ocrx_word' id='word_1_42' title='bbox 494 976 636 1058; x_wconf 85' lang='lat' dir='ltr'>Pylades,</span> <span class='ocrx_word' id='word_1_43' title='bbox 653 978 762 1038; x_wconf 91' lang='lat' dir='ltr'>molem</span> <span class='ocrx_word' id='word_1_44' title='bbox 778 979 893 1060; x_wconf 81' lang='lat' dir='ltr'>aggeris</span> <span class='ocrx_word' id='word_1_45' title='bbox 907 977 981 1040; x_wconf 85' lang='lat' dir='ltr'>ultra</span> 
     </span>
     <span class='ocr_line' id='line_1_8' title="bbox 173 1078 979 1169; baseline 0.009 -29"><span class='ocrx_word' id='word_1_46' title='bbox 173 1078 216 1141; x_wconf 87' lang='lat' dir='ltr'>Ut</span> <span class='ocrx_word' id='word_1_47' title='bbox 231 1080 351 1143; x_wconf 86' lang='lat' dir='ltr'>veniat?</span> <span class='ocrx_word' id='word_1_48' title='bbox 396 1081 553 1163; x_wconf 86' lang='lat' dir='ltr'>Lacrymae</span> <span class='ocrx_word' id='word_1_49' title='bbox 570 1082 716 1143; x_wconf 83' lang='lat' dir='ltr'><strong>siccentur</strong></span> <span class='ocrx_word' id='word_1_50' title='bbox 732 1097 880 1169; x_wconf 86' lang='lat' dir='ltr'>protenus,</span> <span class='ocrx_word' id='word_1_51' title='bbox 896 1097 926 1163; x_wconf 71' lang='lat' dir='ltr'>et</span> <span class='ocrx_word' id='word_1_52' title='bbox 940 1105 979 1154; x_wconf 76' lang='lat' dir='ltr'>se,</span> 
     </span>
     <span class='ocr_line' id='line_1_9' title="bbox 172 1183 790 1250; baseline 0.005 -5"><span class='ocrx_word' id='word_1_53' title='bbox 172 1183 376 1248; x_wconf 85' lang='lat' dir='ltr'>Excusaturos</span> <span class='ocrx_word' id='word_1_54' title='bbox 392 1208 449 1248; x_wconf 90' lang='lat' dir='ltr'>non</span> <span class='ocrx_word' id='word_1_55' title='bbox 465 1187 653 1248; x_wconf 85' lang='lat' dir='ltr'><strong>sollicitemus</strong></span> <span class='ocrx_word' id='word_1_56' title='bbox 670 1187 790 1250; x_wconf 90' lang='lat' dir='ltr'>amicos.</span> 
     </span>
     <span class='ocr_line' id='line_1_10' title="bbox 170 1287 911 1371; baseline 0.005 -23"><span class='ocrx_word' id='word_1_57' title='bbox 170 1287 222 1349; x_wconf 87' lang='lat' dir='ltr'>Da</span> <span class='ocrx_word' id='word_1_58' title='bbox 237 1302 351 1362; x_wconf 84' lang='lat' dir='ltr'>testem,</span> <span class='ocrx_word' id='word_1_59' title='bbox 362 1289 459 1371; x_wconf 85' lang='lat' dir='ltr'>judex</span> <span class='ocrx_word' id='word_1_60' title='bbox 475 1311 565 1370; x_wconf 89' lang='lat' dir='ltr'>quum</span> <span class='ocrx_word' id='word_1_61' title='bbox 581 1289 708 1350; x_wconf 85' lang='lat' dir='ltr'><strong>dixerit:</strong></span> <span class='ocrx_word' id='word_1_62' title='bbox 732 1291 839 1354; x_wconf 88' lang='lat' dir='ltr'>audeat</span> <span class='ocrx_word' id='word_1_63' title='bbox 853 1293 911 1370; x_wconf 85' lang='lat' dir='ltr'>ille,</span> 
     </span>
     <span class='ocr_line' id='line_1_11' title="bbox 170 1391 1148 1474; baseline 0.007 -22"><span class='ocrx_word' id='word_1_64' title='bbox 170 1391 284 1452; x_wconf 89' lang='lat' dir='ltr'>Nescio</span> <span class='ocrx_word' id='word_1_65' title='bbox 301 1392 373 1473; x_wconf 92' lang='lat' dir='ltr'>quis,</span> <span class='ocrx_word' id='word_1_66' title='bbox 390 1413 504 1473; x_wconf 84' lang='lat' dir='ltr'>pugnos</span> <span class='ocrx_word' id='word_1_67' title='bbox 519 1393 568 1474; x_wconf 91' lang='lat' dir='ltr'>qui</span> <span class='ocrx_word' id='word_1_68' title='bbox 583 1393 663 1468; x_wconf 89' lang='lat' dir='ltr'>vidit,</span> <span class='ocrx_word' id='word_1_69' title='bbox 680 1393 791 1468; x_wconf 85' lang='lat' dir='ltr'>dicere,</span> <span class='ocrx_word' id='word_1_70' title='bbox 808 1393 902 1456; x_wconf 87' lang='lat' dir='ltr'>Vidi?</span> <span class='ocrx_word' id='word_1_71' title='bbox 954 1423 958 1428; x_wconf 91' lang='lat'>·</span> <span class='ocrx_word' id='word_1_72' title='bbox 1106 1399 1148 1460; x_wconf 87' lang='grc'>30</span> 
     </span>
     <span class='ocr_line' id='line_1_12' title="bbox 72 1493 924 1580; baseline 0.006 -25"><span class='ocrx_word' id='word_1_73' title='bbox 72 1559 79 1576; x_wconf 62' lang='lat'>‚</span> <span class='ocrx_word' id='word_1_74' title='bbox 170 1493 212 1555; x_wconf 87' lang='lat' dir='ltr'>Et</span> <span class='ocrx_word' id='word_1_75' title='bbox 226 1495 347 1556; x_wconf 87' lang='lat' dir='ltr'>credam</span> <span class='ocrx_word' id='word_1_76' title='bbox 364 1495 484 1576; x_wconf 81' lang='lat' dir='ltr'>dignum</span> <span class='ocrx_word' id='word_1_77' title='bbox 500 1493 601 1569; x_wconf 69' lang='lat' dir='ltr'>barbi,</span> <span class='ocrx_word' id='word_1_78' title='bbox 617 1495 797 1579; x_wconf 82' lang='lat' dir='ltr'>dignumque</span> <span class='ocrx_word' id='word_1_79' title='bbox 813 1499 924 1580; x_wconf 87' lang='lat' dir='ltr'><strong>capillis</strong></span> 
     </span>
     <span class='ocr_line' id='line_1_13' title="bbox 168 1597 893 1684; baseline 0.007 -25"><span class='ocrx_word' id='word_1_80' title='bbox 168 1598 328 1682; x_wconf 88' lang='lat' dir='ltr'>Majorum.</span> <span class='ocrx_word' id='word_1_81' title='bbox 376 1597 471 1668; x_wconf 76' lang='lat' dir='ltr'>Citius</span> <span class='ocrx_word' id='word_1_82' title='bbox 486 1600 590 1662; x_wconf 88' lang='lat' dir='ltr'>salsum</span> <span class='ocrx_word' id='word_1_83' title='bbox 606 1601 772 1684; x_wconf 85' lang='lat' dir='ltr'>producere</span> <span class='ocrx_word' id='word_1_84' title='bbox 789 1616 893 1664; x_wconf 87' lang='lat' dir='ltr'>testem</span> 
     </span>
     <span class='ocr_line' id='line_1_14' title="bbox 167 1701 934 1789; baseline 0.007 -25"><span class='ocrx_word' id='word_1_85' title='bbox 167 1701 280 1765; x_wconf 86' lang='lat' dir='ltr'>Contra</span> <span class='ocrx_word' id='word_1_86' title='bbox 296 1726 442 1786; x_wconf 82' lang='lat' dir='ltr'>paganum</span> <span class='ocrx_word' id='word_1_87' title='bbox 459 1706 560 1787; x_wconf 84' lang='lat' dir='ltr'>possis,</span> <span class='ocrx_word' id='word_1_88' title='bbox 577 1705 664 1788; x_wconf 76' lang='lat' dir='ltr'>quim</span> <span class='ocrx_word' id='word_1_89' title='bbox 681 1728 750 1767; x_wconf 87' lang='lat' dir='ltr'>vera</span> <span class='ocrx_word' id='word_1_90' title='bbox 765 1707 934 1789; x_wconf 88' lang='lat' dir='ltr'>loquentem</span> 
     </span>
     <span class='ocr_line' id='line_1_15' title="bbox 167 1805 906 1892; baseline 0.005 -23"><span class='ocrx_word' id='word_1_91' title='bbox 167 1805 280 1870; x_wconf 88' lang='lat' dir='ltr'>Contra</span> <span class='ocrx_word' id='word_1_92' title='bbox 295 1807 440 1870; x_wconf 85' lang='lat' dir='ltr'>fortunam</span> <span class='ocrx_word' id='word_1_93' title='bbox 456 1810 558 1870; x_wconf 91' lang='lat' dir='ltr'>armati</span> <span class='ocrx_word' id='word_1_94' title='bbox 573 1825 734 1892; x_wconf 87' lang='lat' dir='ltr'>contraque</span> <span class='ocrx_word' id='word_1_95' title='bbox 749 1813 906 1892; x_wconf 84' lang='lat' dir='ltr'>pudorem.</span> 
     </span>
     <span class='ocr_line' id='line_1_16' title="bbox 210 1909 1140 1995; baseline 0.009 -23"><span class='ocrx_word' id='word_1_96' title='bbox 210 1909 342 1973; x_wconf 87' lang='lat' dir='ltr'>Praemia</span> <span class='ocrx_word' id='word_1_97' title='bbox 357 1934 435 1974; x_wconf 92' lang='lat' dir='ltr'>nunc</span> <span class='ocrx_word' id='word_1_98' title='bbox 452 1913 517 1987; x_wconf 87' lang='lat' dir='ltr'>alia,</span> <span class='ocrx_word' id='word_1_99' title='bbox 533 1927 619 1995; x_wconf 89' lang='lat' dir='ltr'>atque</span> <span class='ocrx_word' id='word_1_100' title='bbox 636 1913 690 1974; x_wconf 91' lang='lat' dir='ltr'>alia</span> <span class='ocrx_word' id='word_1_101' title='bbox 707 1915 904 1976; x_wconf 88' lang='lat' dir='ltr'>emolumenta</span> <span class='ocrx_word' id='word_1_102' title='bbox 920 1928 1055 1979; x_wconf 88' lang='lat' dir='ltr'>notemus</span> <span class='ocrx_word' id='word_1_103' title='bbox 1099 1919 1140 1979; x_wconf 80' lang='lat'>35</span> 
     </span>
     <span class='ocr_line' id='line_1_17' title="bbox 165 2013 830 2078; baseline 0.002 -3"><span class='ocrx_word' id='word_1_104' title='bbox 165 2013 437 2078; x_wconf 80' lang='lat' dir='ltr'>sacramentorum.</span> <span class='ocrx_word' id='word_1_105' title='bbox 483 2016 659 2076; x_wconf 86' lang='lat' dir='ltr'>Convallem</span> <span class='ocrx_word' id='word_1_106' title='bbox 674 2016 748 2076; x_wconf 89' lang='lat' dir='ltr'>ruris</span> <span class='ocrx_word' id='word_1_107' title='bbox 764 2018 830 2076; x_wconf 89' lang='lat' dir='ltr'>aviti</span> 
     </span>
     <span class='ocr_line' id='line_1_18' title="bbox 162 2117 935 2200; baseline 0.004 -21"><span class='ocrx_word' id='word_1_108' title='bbox 162 2117 329 2199; x_wconf 89' lang='lat' dir='ltr'>Improbus,</span> <span class='ocrx_word' id='word_1_109' title='bbox 346 2132 395 2180; x_wconf 87' lang='lat' dir='ltr'>aut</span> <span class='ocrx_word' id='word_1_110' title='bbox 410 2139 547 2200; x_wconf 88' lang='lat' dir='ltr'>campum</span> <span class='ocrx_word' id='word_1_111' title='bbox 564 2118 634 2179; x_wconf 87' lang='lat' dir='ltr'>milri</span> <span class='ocrx_word' id='word_1_112' title='bbox 649 2119 673 2180; x_wconf 94' lang='lat' dir='ltr'>si</span> <span class='ocrx_word' id='word_1_113' title='bbox 688 2119 800 2181; x_wconf 92' lang='lat' dir='ltr'>vicinus</span> <span class='ocrx_word' id='word_1_114' title='bbox 816 2119 935 2198; x_wconf 86' lang='lat' dir='ltr'>ademit,</span> 
     </span>
     <span class='ocr_line' id='line_1_19' title="bbox 162 2221 857 2302; baseline 0.003 -18"><span class='ocrx_word' id='word_1_115' title='bbox 162 2221 205 2284; x_wconf 84' lang='lat' dir='ltr'>Et</span> <span class='ocrx_word' id='word_1_116' title='bbox 220 2243 336 2284; x_wconf 88' lang='lat' dir='ltr'>sacrum</span> <span class='ocrx_word' id='word_1_117' title='bbox 352 2223 453 2286; x_wconf 88' lang='lat' dir='ltr'>effodit</span> <span class='ocrx_word' id='word_1_118' title='bbox 467 2224 566 2285; x_wconf 91' lang='lat' dir='ltr'>medio</span> <span class='ocrx_word' id='word_1_119' title='bbox 582 2223 619 2286; x_wconf 85' lang='lat' dir='ltr'>de</span> <span class='ocrx_word' id='word_1_120' title='bbox 636 2225 726 2286; x_wconf 88' lang='lat' dir='ltr'>limite</span> <span class='ocrx_word' id='word_1_121' title='bbox 742 2247 857 2302; x_wconf 88' lang='lat' dir='ltr'>saxum,</span> 
     </span>
     <span class='ocr_line' id='line_1_20' title="bbox 161 2326 926 2414; baseline 0.008 -26"><span class='ocrx_word' id='word_1_122' title='bbox 161 2326 253 2399; x_wconf 84' lang='lat' dir='ltr'>Quod</span> <span class='ocrx_word' id='word_1_123' title='bbox 271 2349 337 2390; x_wconf 88' lang='lat' dir='ltr'>mea</span> <span class='ocrx_word' id='word_1_124' title='bbox 352 2350 421 2390; x_wconf 92' lang='lat' dir='ltr'>cum</span> <span class='ocrx_word' id='word_1_125' title='bbox 438 2329 534 2391; x_wconf 89' lang='lat' dir='ltr'>vetulo</span> <span class='ocrx_word' id='word_1_126' title='bbox 549 2329 644 2414; x_wconf 83' lang='lat' dir='ltr'>coluit</span> <span class='ocrx_word' id='word_1_127' title='bbox 654 2330 719 2412; x_wconf 92' lang='lat' dir='ltr'>puls</span> <span class='ocrx_word' id='word_1_128' title='bbox 734 2352 830 2392; x_wconf 90' lang='lat' dir='ltr'>annua</span> <span class='ocrx_word' id='word_1_129' title='bbox 845 2331 904 2394; x_wconf 91' lang='lat' dir='ltr'>libo</span> <span class='ocrx_word' id='word_1_130' title='bbox 917 2354 926 2408; x_wconf 81' lang='lat'><em>3</em></span> 
     </span>
     <span class='ocr_line' id='line_1_21' title="bbox 158 2431 1135 2516; baseline 0.006 -22"><span class='ocrx_word' id='word_1_131' title='bbox 158 2431 284 2495; x_wconf 88' lang='lat' dir='ltr'>Debitor</span> <span class='ocrx_word' id='word_1_132' title='bbox 299 2447 347 2495; x_wconf 87' lang='lat' dir='ltr'>aut</span> <span class='ocrx_word' id='word_1_133' title='bbox 365 2448 495 2515; x_wconf 85' lang='lat' dir='ltr'>sumptos</span> <span class='ocrx_word' id='word_1_134' title='bbox 510 2435 604 2516; x_wconf 83' lang='lat' dir='ltr'>pergit</span> <span class='ocrx_word' id='word_1_135' title='bbox 618 2457 676 2494; x_wconf 94' lang='lat' dir='ltr'>non</span> <span class='ocrx_word' id='word_1_136' title='bbox 692 2435 818 2495; x_wconf 85' lang='lat' dir='ltr'>reddere</span> <span class='ocrx_word' id='word_1_137' title='bbox 833 2457 980 2511; x_wconf 89' lang='lat' dir='ltr'>nummos,</span> <span class='ocrx_word' id='word_1_138' title='bbox 1093 2444 1135 2500; x_wconf 89' lang='grc'>40</span> 
     </span>
     <span class='ocr_line' id='line_1_22' title="bbox 158 2533 862 2622; baseline 0.004 -27"><span class='ocrx_word' id='word_1_139' title='bbox 158 2533 245 2598; x_wconf 87' lang='lat' dir='ltr'>Vana</span> <span class='ocrx_word' id='word_1_140' title='bbox 260 2537 434 2619; x_wconf 88' lang='lat' dir='ltr'>supervacui</span> <span class='ocrx_word' id='word_1_141' title='bbox 449 2538 551 2599; x_wconf 89' lang='lat' dir='ltr'>dicens</span> <span class='ocrx_word' id='word_1_142' title='bbox 566 2538 759 2619; x_wconf 83' lang='lat' dir='ltr'>chirographa</span> <span class='ocrx_word' id='word_1_143' title='bbox 768 2537 862 2622; x_wconf 57' lang='lat' dir='ltr'>ligni:</span> 
     </span>
     <span class='ocr_line' id='line_1_23' title="bbox 157 2639 862 2721; baseline 0.004 -20"><span class='ocrx_word' id='word_1_144' title='bbox 157 2639 389 2720; x_wconf 83' lang='lat' dir='ltr'>Exspectandus</span> <span class='ocrx_word' id='word_1_145' title='bbox 404 2641 467 2715; x_wconf 86' lang='lat' dir='ltr'>erit,</span> <span class='ocrx_word' id='word_1_146' title='bbox 484 2642 533 2721; x_wconf 91' lang='lat' dir='ltr'>qui</span> <span class='ocrx_word' id='word_1_147' title='bbox 547 2642 611 2702; x_wconf 85' lang='lat' dir='ltr'>lites</span> <span class='ocrx_word' id='word_1_148' title='bbox 626 2642 754 2715; x_wconf 88' lang='lat' dir='ltr'>inchoet,</span> <span class='ocrx_word' id='word_1_149' title='bbox 770 2664 862 2704; x_wconf 90' lang='lat' dir='ltr'>annus</span> 
     </span>
     <span class='ocr_line' id='line_1_24' title="bbox 155 2743 918 2827; baseline 0 -21"><span class='ocrx_word' id='word_1_150' title='bbox 155 2744 262 2806; x_wconf 86' lang='lat' dir='ltr'>Torius</span> <span class='ocrx_word' id='word_1_151' title='bbox 277 2743 395 2827; x_wconf 88' lang='lat' dir='ltr'>populi:</span> <span class='ocrx_word' id='word_1_152' title='bbox 418 2744 470 2805; x_wconf 92' lang='lat' dir='ltr'>sed</span> <span class='ocrx_word' id='word_1_153' title='bbox 486 2758 555 2805; x_wconf 91' lang='lat' dir='ltr'>tunc</span> <span class='ocrx_word' id='word_1_154' title='bbox 571 2764 688 2825; x_wconf 88' lang='lat' dir='ltr'>qnoque</span> <span class='ocrx_word' id='word_1_155' title='bbox 703 2745 781 2804; x_wconf 89' lang='lat' dir='ltr'>mille</span> <span class='ocrx_word' id='word_1_156' title='bbox 796 2744 918 2806; x_wconf 86' lang='lat' dir='ltr'>serenda</span> 
     </span>
     <span class='ocr_line' id='line_1_25' title="bbox 154 2847 872 2926; baseline 0 -16"><span class='ocrx_word' id='word_1_157' title='bbox 154 2847 270 2924; x_wconf 76' lang='lat' dir='ltr'>Taedia,</span> <span class='ocrx_word' id='word_1_158' title='bbox 287 2849 365 2910; x_wconf 85' lang='lat' dir='ltr'>mille</span> <span class='ocrx_word' id='word_1_159' title='bbox 381 2869 488 2926; x_wconf 85' lang='lat' dir='ltr'>morae3</span> <span class='ocrx_word' id='word_1_160' title='bbox 511 2849 596 2910; x_wconf 85' lang='lat' dir='ltr'>toties</span> <span class='ocrx_word' id='word_1_161' title='bbox 611 2848 746 2910; x_wconf 89' lang='lat' dir='ltr'>subsellia</span> <span class='ocrx_word' id='word_1_162' title='bbox 760 2848 872 2910; x_wconf 81' lang='lat' dir='ltr'>tantbm</span> 
     </span>
     <span class='ocr_line' id='line_1_26' title="bbox 155 2951 864 3034; baseline 0.001 -20"><span class='ocrx_word' id='word_1_163' title='bbox 155 2952 349 3029; x_wconf 86' lang='lat' dir='ltr'>Sternuntur;</span> <span class='ocrx_word' id='word_1_164' title='bbox 366 2951 431 3034; x_wconf 87' lang='lat' dir='ltr'>jam</span> <span class='ocrx_word' id='word_1_165' title='bbox 447 2951 574 3014; x_wconf 88' lang='lat' dir='ltr'>sacundo</span> <span class='ocrx_word' id='word_1_166' title='bbox 590 2967 716 3034; x_wconf 88' lang='lat' dir='ltr'>ponente</span> <span class='ocrx_word' id='word_1_167' title='bbox 731 2953 864 3016; x_wconf 86' lang='lat' dir='ltr'>lacernas</span> 
     </span>
     <span class='ocr_line' id='line_1_27' title="bbox 152 3052 848 3138; baseline -0.003 -20"><span class='ocrx_word' id='word_1_168' title='bbox 152 3055 296 3131; x_wconf 85' lang='lat' dir='ltr'>Caedicio,</span> <span class='ocrx_word' id='word_1_169' title='bbox 313 3068 343 3117; x_wconf 91' lang='lat' dir='ltr'>et</span> <span class='ocrx_word' id='word_1_170' title='bbox 359 3052 459 3116; x_wconf 86' lang='lat' dir='ltr'>Fusco</span> <span class='ocrx_word' id='word_1_171' title='bbox 469 3054 531 3138; x_wconf 89' lang='lat' dir='ltr'>jam</span> <span class='ocrx_word' id='word_1_172' title='bbox 547 3055 741 3128; x_wconf 87' lang='lat' dir='ltr'>micturiente,</span> <span class='ocrx_word' id='word_1_173' title='bbox 757 3056 848 3136; x_wconf 87' lang='lat' dir='ltr'>parati</span> 
     </span>
     <span class='ocr_line' id='line_1_28' title="bbox 152 3157 867 3242; baseline -0.006 -20"><span class='ocrx_word' id='word_1_174' title='bbox 152 3160 345 3242; x_wconf 84' lang='lat' dir='ltr'>Digredimur</span> <span class='ocrx_word' id='word_1_175' title='bbox 359 3158 497 3242; x_wconf 75' lang='lat' dir='ltr'>lentbque</span> <span class='ocrx_word' id='word_1_176' title='bbox 513 3157 567 3220; x_wconf 86' lang='lat' dir='ltr'>fori</span> <span class='ocrx_word' id='word_1_177' title='bbox 586 3179 752 3241; x_wconf 84' lang='lat' dir='ltr'>pugnamus</span> <span class='ocrx_word' id='word_1_178' title='bbox 768 3157 867 3220; x_wconf 74' lang='lat' dir='ltr'>arerrb.</span> 
     </span>
     <span class='ocr_line' id='line_1_29' title="bbox 152 3263 877 3346; baseline -0.001 -21"><span class='ocrx_word' id='word_1_179' title='bbox 152 3265 208 3325; x_wconf 88' lang='lat' dir='ltr'>Ast</span> <span class='ocrx_word' id='word_1_180' title='bbox 222 3264 284 3338; x_wconf 92' lang='lat' dir='ltr'>illis,</span> <span class='ocrx_word' id='word_1_181' title='bbox 300 3284 376 3346; x_wconf 89' lang='lat' dir='ltr'>quos</span> <span class='ocrx_word' id='word_1_182' title='bbox 391 3286 473 3326; x_wconf 90' lang='lat' dir='ltr'>arma</span> <span class='ocrx_word' id='word_1_183' title='bbox 487 3277 589 3346; x_wconf 76' lang='lat' dir='ltr'>tegunt</span> <span class='ocrx_word' id='word_1_184' title='bbox 603 3277 633 3324; x_wconf 90' lang='lat' dir='ltr'>et</span> <span class='ocrx_word' id='word_1_185' title='bbox 648 3264 760 3326; x_wconf 87' lang='lat' dir='ltr'>balteus</span> <span class='ocrx_word' id='word_1_186' title='bbox 776 3263 877 3338; x_wconf 77' lang='lat' dir='ltr'>ambit,</span> 
     </span>
     <span class='ocr_line' id='line_1_30' title="bbox 149 3366 1129 3452; baseline 0.001 -24"><span class='ocrx_word' id='word_1_187' title='bbox 149 3366 242 3440; x_wconf 80' lang='lat' dir='ltr'>Quod</span> <span class='ocrx_word' id='word_1_188' title='bbox 259 3368 399 3451; x_wconf 88' lang='lat' dir='ltr'>placitum</span> <span class='ocrx_word' id='word_1_189' title='bbox 414 3383 458 3431; x_wconf 88' lang='lat' dir='ltr'>est</span> <span class='ocrx_word' id='word_1_190' title='bbox 472 3369 551 3452; x_wconf 86' lang='lat' dir='ltr'>ipsis,</span> <span class='ocrx_word' id='word_1_191' title='bbox 566 3376 717 3451; x_wconf 79' lang='lat' dir='ltr'>praesratnr</span> <span class='ocrx_word' id='word_1_192' title='bbox 731 3381 847 3450; x_wconf 89' lang='lat' dir='ltr'>tempus</span> <span class='ocrx_word' id='word_1_193' title='bbox 863 3368 979 3451; x_wconf 85' lang='lat' dir='ltr'>agendi,</span> <span class='ocrx_word' id='word_1_194' title='bbox 1126 3384 1129 3414; x_wconf 76' lang='lat'><em>⁶</em></span> 
     </span>
     <span class='ocr_line' id='line_1_31' title="bbox 135 3472 1121 3556; baseline -0.001 -20"><span class='ocrx_word' id='word_1_195' title='bbox 135 3472 219 3537; x_wconf 58' lang='lat' dir='ltr'>«Nee</span> <span class='ocrx_word' id='word_1_196' title='bbox 233 3493 282 3536; x_wconf 89' lang='lat' dir='ltr'>res</span> <span class='ocrx_word' id='word_1_197' title='bbox 298 3473 426 3535; x_wconf 81' lang='lat' dir='ltr'>atteritur</span> <span class='ocrx_word' id='word_1_198' title='bbox 439 3474 526 3556; x_wconf 84' lang='lat' dir='ltr'>longo</span> <span class='ocrx_word' id='word_1_199' title='bbox 542 3473 704 3535; x_wconf 90' lang='lat' dir='ltr'>sufflamine</span> <span class='ocrx_word' id='word_1_200' title='bbox 718 3473 784 3534; x_wconf 82' lang='lat' dir='ltr'>litis.</span> <span class='ocrx_word' id='word_1_201' title='bbox 1081 3477 1121 3535; x_wconf 81' lang='lat'>50</span> 
     </span>
    </p>
   </div>
   <div class='ocr_carea' id='block_1_3' title="bbox 0 0 1270 4008">
    <p class='ocr_par' dir='ltr' id='par_1_3' title="bbox 0 0 1270 4008">
     <span class='ocr_line' id='line_1_32' title="bbox 0 0 1270 4008; baseline 0 13"><span class='ocrx_word' id='word_1_202' title='bbox 0 0 1270 4008; x_wconf 95' lang='lat' dir='ltr'> </span> 
     </span>
    </p>
   </div>
  </div>
 </body>
</html>
