2534 4022
568 389 690 440 omna
704 389 737 439 V.

163 539 227 614 Qui
242 552 377 602 numeret
391 558 535 621 gemmas,
551 555 724 622 unguesque
740 540 877 604 observet
891 551 1003 602 acutos.

163 643 214 708 Da
228 644 365 708 veniam:
388 643 527 728 preclara
541 641 599 706 illio
614 644 748 706 laudatur
764 644 862 726 iaspis.

163 747 197 812 N
197 770 245 811 am
259 747 357 824 Virro,
373 761 405 810 ut
418 747 510 822 multi,
525 767 661 829 gemmas
675 747 713 808 ad
729 748 836 830 pocula
849 746 990 811 transfert

162 853 193 915 A
207 853 312 936 digitis,
328 873 400 936 quas
415 851 444 914 in
459 851 570 933 reginae
586 849 682 914 lronte
696 852 812 916 solebat
900 853 906 860 ’

163 953 284 1018 Ponere
298 957 435 1038 zelotypo
443 954 564 1038 juvenis
579 955 715 1037 prelatus
729 955 833 1033 lorbae,

163 1057 216 1122 Tu
230 1058 434 1122 Beneventani
445 1059 550 1122 sutoris
564 1080 673 1122 nomen
689 1060 848 1128 habentem

166 1161 300 1227 Siooabis
314 1164 439 1230 calicem
454 1183 593 1226 nasorum
609 1178 743 1246 quatuor,
759 1187 795 1228 ec
806 1165 869 1250 jam
888 1239 893 1250 ι

165 1265 358 1344 Quassatam,
373 1281 404 1331 et
417 1282 503 1352 rupto
517 1281 690 1350 poscentem
705 1269 815 1332 sulfura
829 1271 913 1334 vitro.

168 1371 201 1434 Si
214 1373 385 1436 stomachus
400 1373 509 1434 domini
521 1371 616 1435 fervet
630 1373 911 1456 vinoque-ciboque,

168 1471 314 1558 Frigidior
329 1475 442 1538 Geticis
456 1475 562 1556 petitur
577 1474 703 1538 decocto
718 1476 837 1558 pruinis.
1097 1486 1140 1544 50

211 1577 281 1642 Non
297 1579 405 1640 eadem
419 1577 503 1640 vobis
518 1576 586 1660 poni
601 1577 692 1639 modb
707 1579 773 1640 vina
787 1583 952 1663 querebar:

167 1679 233 1746 Vos
244 1682 329 1744 aliam
344 1682 450 1766 potatis
465 1703 585 1764 aquam.
629 1681 699 1746 Tibi
715 1685 822 1766 pocula
836 1707 938 1750 cursor
993 1729 996 1734 ·

169 1784 302 1849 Gaetulus
317 1786 398 1849 dabit
412 1800 461 1850 aut
476 1786 549 1870 nigri
559 1807 663 1850 manus
677 1809 764 1851 osseo
778 1789 887 1868 Mauri,

170 1889 214 1952 Et
226 1890 274 1952 oui
289 1911 343 1974 per
357 1889 486 1952 mediam
500 1891 576 1954 nolis
590 1913 750 1956 occurrere
766 1907 895 1970 noctem,

170 1991 297 2058 Clivosae
311 1994 428 2056 veheris
443 1993 514 2055 dum
530 2014 583 2076 per
598 2009 787 2058 monumenta
802 1997 931 2060 Latinae.
1098 2008 1139 2064 55

170 2095 244 2160 Flos
258 2097 337 2158 Asiae
353 2109 420 2158 ante
435 2096 542 2178 ipsum,
558 2097 652 2178 pretio
668 2097 780 2182 majore
796 2114 925 2182 paratus,

171 2199 274 2276 Quam
289 2198 342 2262 suit
355 2213 386 2262 et
399 2198 479 2261 Tulli
490 2221 597 2262 census
612 2201 754 2284 pugnacis
770 2217 800 2266 et
814 2203 903 2280 Anci,

172 2303 224 2380 Et,
239 2325 277 2367 ne
292 2318 321 2368 te
335 2317 463 2380 teneam,
479 2301 684 2368 Romanorum
699 2306 800 2376 omnia
815 2327 918 2389 regum

173 2407 302 2472 Frivola.
347 2407 438 2482 Quod
455 2427 545 2492 quum
561 2407 600 2470 ita
614 2409 660 2484 sit,
675 2422 709 2470 tu
722 2409 871 2474 Gerulum
888 2411 1097 2496 Ganymedem

173 2512 316 2596 Respice,
333 2533 422 2596 quum
438 2511 528 2576 sities.
574 2512 679 2578 Nescit
693 2526 734 2576 tot
750 2514 874 2578 millibus
889 2532 1006 2601 emptus
1102 2524 1143 2583 60
1216 2547 1222 2556 ·

173 2615 361 2700 Pauperibus
375 2615 501 2678 miscere
515 2637 610 2700 puer:
632 2617 687 2680 sed
703 2615 808 2694 lorma,
824 2620 877 2684 sed
894 2635 964 2686 atas

174 2717 275 2801 Digna
289 2717 456 2799 supercilio.
501 2718 634 2791 Quando
649 2720 687 2780 ad
702 2733 731 2780 te
747 2723 880 2801 pervenit
892 2724 964 2788 ille?

175 2821 307 2896 Quando
321 2834 442 2882 vocatus
456 2819 541 2882 adest
553 2821 656 2884 oalidae
670 2821 834 2904 gelidoque
850 2825 1004 2890 minister?

175 2925 299 3009 Quippe
313 2924 477 3006 indignatur
493 2925 584 2988 veteri
599 2947 704 3009 parere
719 2927 828 3004 clienti,

176 3028 329 3113 Qubdque
344 3028 451 3112 aliquid
467 3049 572 3111 poscas
586 3043 617 3092 et
630 3029 710 3112 qubd
725 3051 758 3092 se
774 3044 868 3104 stante
884 3039 1051 3102 recumbas.
1104 3043 1145 3104 65

177 3133 314 3196 Maxima
328 3153 451 3216 queque
466 3133 573 3196 domus
587 3132 680 3194 servis
692 3145 739 3196 est
752 3133 843 3214 plena
857 3139 1003 3219 superbis.

222 3235 307 3302 Ecce
323 3237 395 3300 alius
409 3249 518 3319 quanto
533 3235 666 3320 porrexit
680 3257 830 3300 murmure
845 3259 954 3321 penem

179 3338 240 3401 Vix
255 3337 389 3416 fractum,
405 3341 504 3403 solide
514 3339 579 3424 jam
594 3340 714 3404 mucida
728 3339 820 3404 frusta
832 3340 942 3421 larino,

180 3443 259 3518 Qua
273 3443 431 3526 genuinum
447 3443 564 3528 agitent,
579 3465 637 3506 non
652 3443 834 3508 admittentia
850 3465 981 3512 morsum
996 3453 1004 3512 l

182 3548 246 3612 Sed
260 3561 354 3622 tener,
368 3559 399 3610 ct
412 3547 524 3626 niveus,
539 3548 678 3631 mollique
693 3547 804 3632 siligine
819 3548 914 3624 sactus
1109 3565 1150 3624 70

461 3651 502 3714 3*
