2534 4022
553 371 675 421 SATIRA
690 371 734 419 IV.

157 520 215 583 Est
229 521 301 584 ratio
317 522 444 598 ulterior,
461 543 574 605 magnae
590 521 613 584 si
628 519 705 582 misit
720 519 833 594 amicae,

158 626 240 701 Quae
256 628 371 691 vehitur
385 629 486 692 clauso
500 628 565 690 latis
580 626 781 711 specularibus
797 636 889 686 antro.

159 731 211 796 Nil
225 735 283 796 tale
298 747 475 817 exspectes:
497 733 569 795 emit
582 733 646 796 sibi.
691 730 788 793 Multa
801 729 946 804 videmus,

159 837 237 911 Quae
253 839 343 902 miser
358 852 388 901 et
401 839 476 922 frugi
490 861 549 900 non
565 837 636 900 secit
647 837 781 920 Apicius.
828 833 899 896 Hoc
914 847 945 895 tu

163 942 339 1006 Succinctus
354 942 448 1027 patrib
463 943 623 1028 quondam,
640 941 788 1024 Crispina,
803 935 940 1023 papyro?

162 1046 233 1110 Hoc
248 1049 348 1132 pretio·
358 1048 510 1132 squamae?
533 1047 634 1111 Potuit
649 1045 771 1110 fortasse
787 1044 906 1107 minoris

162 1150 309 1231 Piscator,
326 1154 415 1237 quam
429 1155 527 1238 piscis,
544 1154 613 1216 emi.
660 1151 818 1214 Provincia
833 1149 904 1212 tanti

121 1307 124 1313 .
162 1255 274 1320 Vendit
288 1280 393 1341 agros3
416 1259 470 1322 sed
484 1259 613 1342 majores
627 1235 738 1342 Apulia
751 1255 862 1319 vendit.

165 1361 280 1436 Quales
294 1377 365 1426 tunc
380 1365 483 1447 epulas
500 1365 597 1446 ipsum
614 1363 732 1446 glutisse
747 1376 886 1445 putemus
946 1370 948 1372 ’

166 1467 421 1552 Induperatorem,
437 1489 530 1552 quum
544 1481 586 1530 tot
601 1469 742 1544 sestertia,
758 1479 874 1550 partem

167 1571 319 1657 Exiguam
335 1585 365 1635 et
379 1573 503 1635 modicae
520 1586 667 1656 sumptam
684 1573 722 1635 de
739 1571 870 1655 margine
886 1589 991 1647 coenae,

169 1677 342 1762 Purpureus
356 1679 453 1762 magni
468 1678 589 1740 ructbrit
603 1699 702 1740 scurra
718 1675 824 1752 Palati,
1107 1677 1148 1734 30

170 1781 237 1846 Jam
253 1784 390 1866 princeps
405 1785 548 1867 equitum,
564 1781 673 1866 magnb
688 1783 738 1866 qui
752 1803 828 1846 voce
844 1781 958 1845 solebat

170 1883 312 1950 Vendere
327 1889 491 1971 municipes
505 1887 594 1970 pacta
608 1888 750 1950 mercede
765 1885 891 1950 siluros?

171 1993 285 2076 Incipe,
301 1992 448 2075 Calliope,
463 1994 532 2055 licet
547 2007 577 2055 et
592 1993 769 2054 considere:
791 2013 850 2052 non
866 2004 911 2052 est

173 2097 374 2172 Cantandum,
391 2118 438 2158 res
452 2117 524 2157 vera
539 2096 642 2178 agitur.
689 2095 826 2170 Narrate,
842 2093 946 2177 puellae

175 2199 330 2264 Pierides:
352 2202 443 2283 prosit
457 2200 530 2262 mihi
545 2223 597 2263 vos
613 2201 723 2263 dixisse
739 2200 871 2282 puellas!
1112 2201 1152 2259 35

219 2305 322 2378 Quum
334 2305 398 2390 jam
412 2305 618 2370 semianimum
633 2306 777 2368 laceraret
793 2303 912 2367 Flavius
926 2305 1031 2368 orbem

175 2409 314 2486 Ultimus,
330 2425 360 2473 et
374 2411 458 2474 calvo
474 2411 596 2473 serviret
610 2411 712 2473 Roma
727 2411 851 2486 Neroni,

177 2515 283 2577 Incidit
297 2514 419 2576 Adriaci
435 2515 561 2598 spatium
577 2515 748 2577 admirabile
763 2515 880 2578 rhombi

178 2620 257 2682 Ante
273 2619 395 2680 domum
409 2617 545 2694 Veneris,
562 2641 651 2702 quam
665 2619 780 2682 Dorica
796 2620 918 2684 sustinet
931 2621 1049 2696 Ancon,

178 2723 373 2808 implevitque
388 2723 488 2784 sinus:
511 2743 608 2805 neque
625 2725 702 2784 enirn
718 2723 813 2785 minor
827 2725 952 2786 haeserat
966 2725 1031 2800 illis,
1117 2730 1160 2787 40

179 2829 266 2904 Quos
281 2829 375 2912 operit
390 2827 499 2911 glacies
514 2826 662 2903 Maeotica,
679 2840 822 2911 ruptaque
838 2828 958 2890 tandem

183 2934 301 2996 Solibus
316 2933 438 2996 effundit
451 2933 593 3016 torpentis
609 2934 646 2994 ad
663 2934 737 2996 ostia
752 2933 840 2996 Ponti

182 3037 310 3102 Desidib
322 3039 422 3102 tardos
437 3051 466 3098 et
479 3038 568 3119 longo
585 3036 691 3119 frigore
706 3038 841 3121 pingues.

184 3144 321 3206 Destinat
334 3145 392 3206 hoo
408 3155 571 3205 monstrum
586 3143 700 3225 cymbae
717 3143 825 3226 linique
841 3147 979 3228 magister

185 3247 322 3311 Pontifici
337 3270 464 3311 summo.
511 3245 589 3320 Quis
605 3247 683 3309 enim
698 3269 864 3332 proponere
880 3251 970 3330 talem
1122 3259 1163 3316 45
1259 3305 1260 3308 ,

187 3355 249 3416 Aut
264 3375 364 3416 emere
380 3353 513 3429 auderet,
529 3372 619 3435 quum
636 3353 722 3436 plena
738 3368 768 3416 et
782 3354 879 3419 littora·
902 3357 993 3419 multo

187 3458 331 3522 Delatore
347 3456 465 3522 serent?
488 3457 624 3540 Dispersi
640 3473 780 3541 protenus
795 3459 870 3542 algae

191 3563 379 3648 inquisitores
395 3578 515 3646 agerent
530 3585 600 3630 cum
615 3565 728 3648 remige
743 3563 834 3640 nudo,
