2534 4022
612 323 734 375 snrmn
750 324 770 373 1.
1166 323 1186 380 3

209 475 286 539 Haec
301 495 360 559 ego
373 493 431 538 non
447 471 580 558 agitem?
606 473 668 536 Sed
684 473 754 557 quid
770 471 863 556 magis
878 469 1054 545 Heracleas,

209 581 272 642 Aut
285 578 479 656 Diomedeas,
495 593 544 642 aut
559 579 704 661 mugitum
719 577 904 661 Labyrinthi,
1143 574 1185 632 45

210 680 251 746 Et
267 705 348 746 mare
363 705 536 768 percussum
552 705 656 768 puero,
671 683 846 766 fabrumque
862 677 1031 744 volantem?

141 785 145 790 ’
211 788 317 862 Quum
331 790 399 852 leno
414 790 540 874 accipiat
554 788 665 871 moechi
681 789 769 864 bona,
785 789 808 850 si
824 785 962 871 capiendi

209 893 265 957 lus
279 895 392 956 nullum
406 895 502 970 uxori,
518 895 622 957 doctus
637 907 771 977 spectare
785 894 915 968 lacunar,

211 998 329 1062 Doctus
344 1013 373 1060 et
389 1001 425 1061 ad
442 1000 568 1062 calicem
584 999 710 1082 vigilanti
727 1013 849 1062 stertere
865 1019 957 1076 naso;

211 1102 317 1178 Quum
332 1103 376 1166 sas
391 1125 456 1166 esse
471 1119 555 1186 putet
569 1127 671 1166 curam
688 1126 806 1188 sperare
821 1103 958 1178 cohortis,
1152 1107 1192 1164 50

212 1207 275 1282 Qui
288 1209 368 1271 bona·
381 1209 500 1271 donavit
516 1211 705 1292 praesepibuS,
721 1224 752 1272 et
765 1223 847 1272 caret
861 1209 942 1270 omni

211 1311 362 1398 Majorum
377 1335 479 1390 censu,
495 1315 568 1377 dum
583 1315 717 1397 pervolat
732 1337 789 1376 axe
805 1316 893 1376 citato

213 1415 413 1495 Flaminiam3
437 1416 525 1500 (puer
540 1419 731 1480 Automedon
746 1441 816 1480 nam
830 1421 893 1481 lora
908 1418 1036 1495 tenebat,

211 1519 280 1604 Ipse
294 1522 449 1584 lacernatae
465 1543 556 1604 quarn
572 1543 604 1584 se
614 1522 742 1606 jactaret
757 1525 886 1608 amicae.)

213 1623 322 1688 Nonne
336 1627 408 1688 libet
422 1627 521 1690 medio
536 1649 621 1690 ceras
636 1629 759 1712 implere
775 1651 903 1712 capaces

211 1727 401 1803 Quadrivio?
425 1751 515 1814 quum
525 1732 590 1816 jarn
605 1732 692 1794 sexta
705 1735 822 1796 cervice
838 1734 948 1798 seratur

212 1831 294 1896 Hinc
310 1848 398 1918 atque
413 1835 481 1897 inde
497 1851 611 1918 patens,
628 1859 664 1899 ac
675 1838 756 1900 nuda
772 1839 855 1922 paenb
871 1840 1023 1915 cathedra,

211 1935 256 1998 Et
269 1938 395 2000 multirm
411 1938 542 2003 reserens
557 1942 595 2002 de
608 1941 774 2005 Maecenate
790 1945 894 2025 supino

209 2039 349 2121 Signator
365 2040 447 2118 falso,
464 2044 512 2126 qui
527 2065 559 2106 se
574 2047 688 2108 lautum
703 2060 791 2130 atque
809 2048 929 2110 beatum

213 2139 340 2224 Exiguis
354 2145 459 2208 tabulis
475 2161 504 2209 et
520 2151 640 2230 gemmis
654 2149 767 2214 lecerat
782 2151 865 2214 udat?
1149 2163 1189 2221 60

210 2243 353 2309 Occurrit
368 2263 501 2312 matrona
516 2265 629 2334 potens,
646 2277 721 2338 quac,
736 2257 825 2318 molle
841 2255 989 2320 Calenum

211 2346 400 2428 Porrectura,
416 2353 478 2417 viro
493 2356 598 2420 miscet
612 2359 726 2423 sitiente
742 2364 886 2440 rubetam,

210 2450 394 2538 Instituitque
409 2460 499 2524 rudes
514 2464 618 2526 melior
633 2465 766 2530 Locusta
781 2471 959 2554 propinquas

211 2553 274 2619 Per
289 2557 400 2622 sarnam
415 2577 445 2624 et
460 2567 599 2647 populum
612 2571 710 2652 nigros
725 2573 832 2636 efferre
849 2577 977 2641 maritos.

255 2661 345 2723 Aude
361 2663 469 2747 aliquid
485 2669 622 2734 brevibus
637 2674 746 2755 Gyaris
762 2691 792 2738 et
806 2699 928 2744 carcere
944 2683 1074 2765 dignum,
1147 2695 1188 2753 65

211 2761 245 2834 Si
260 2765 302 2828 vis
317 2787 382 2829 esse
398 2768 521 2852 aliquis:
543 2775 672 2854 probitas
686 2777 822 2842 laudatur
838 2795 868 2844 et
883 2784 970 2866 alget.

210 2864 390 2934 Criminibus
405 2870 514 2938 debent
530 2877 639 2955 hortos,
655 2885 798 2963 praetoria,
815 2908 942 2966 mensas,

207 2973 373 3056 Argentum
389 2993 483 3054 vetus,
499 2993 530 3042 et
544 2996 668 3048 stantem
685 3003 771 3052 extra
786 2994 892 3073 pocula
908 3016 1043 3078 caprum.

210 3076 312 3150 Quem
327 3081 433 3162 patitur
448 3083 578 3148 dormire
593 3089 684 3152 nurfis
698 3109 851 3176 corruptor
867 3119 975 3176 avarae,

209 3179 311 3253 Quem
321 3205 434 3266 sponsae
449 3201 550 3272 turpes
564 3206 594 3255 et
609 3210 797 3277 pretextatus
812 3200 949 3267 adulter?
1144 3223 1185 3279 70

210 3282 244 3344 Si
258 3301 361 3350 natura
376 3305 474 3374 negat,
490 3293 560 3359 lacit
581 3299 739 3383 indignatio
754 3327 883 3386 versum,

210 3385 463 3477 Qualemcunque
478 3413 585 3482 potest,
602 3407 703 3487 quales
718 3431 774 3492 ego
790 3413 837 3476 vel
852 3413 1026 3485 Cluuienus.

249 3491 302 3558 Ex
318 3516 377 3579 quo
389 3499 568 3585 Deucalion,
585 3510 691 3576 nimbis
705 3516 871 3586 tollentibus
887 3545 996 3610 sequor,

1232 2137 1246 2175 al
