2534 4022
579 375 700 425 SATIRA
715 375 761 424 VI.
1108 373 1150 432 45

174 523 373 589 Marmoribus
387 524 439 588 rivi
454 540 623 609 properant,
639 537 689 587 aut
702 524 761 586 lata
778 519 939 584 Falernum
1086 519 1148 578 315

176 627 275 692 Pelvis
289 630 367 692 olet:
389 651 459 692 narn
475 629 528 704 sic,
543 643 682 712 tanquam
699 627 757 690 alta
772 627 800 688 in
814 625 891 688 dolia
906 624 1011 706 longus

174 732 330 796 Deciderit
345 755 477 817 serpeus,
492 733 564 796 bibit
579 747 608 795 et
621 733 723 796 vomit.
769 730 852 814 Ergo
867 729 989 792 maritus

175 836 320 914 Nauseat,
336 853 425 920 atque
440 837 533 899 oculis
548 837 637 898 bilem
653 834 819 917 substringit
833 834 954 917 opertis.

217 940 270 1003 Ille
285 955 384 1003 tamen
399 941 523 1024 gravior,
540 963 614 1024 quae,
631 961 721 1024 quum
737 939 924 1002 discumbere
940 926 1040 1022 coepit,

174 1045 293 1109 Laudat
306 1044 472 1129 Virgilium,
489 1045 627 1130 perituroe
644 1043 767 1128 ignoscit
782 1041 897 1119 Elissae,
1084 1045 1147 1104 320

173 1149 340 1212 Committit
354 1163 437 1213 vates
452 1163 481 1213 et
496 1163 668 1232 comparat3
690 1149 760 1211 inde
775 1147 942 1223 Maronem,

173 1253 272 1336 Atque
289 1253 345 1316 alit
359 1267 442 1337 parte
457 1254 486 1316 in
502 1253 610 1316 trutinfi
624 1253 776 1337 suspendit
790 1251 971 1315 Homerum.

173 1355 295 1418 Cedunt
310 1357 505 1439 grammatici,
517 1358 671 1419 vincuntur
685 1358 818 1419 rhetores
831 1378 840 1433 3
862 1355 958 1417 omnis

171 1457 276 1526 Turba
291 1473 391 1538 tacet3
413 1479 470 1522 nec
485 1459 662 1535 causidicus,
677 1480 734 1521 nec
749 1479 847 1542 praeeo
862 1459 1006 1541 loquatur,

171 1564 275 1626 Altera
288 1584 346 1626 nec
362 1563 486 1626 mulier:
509 1563 666 1625 verborum
681 1575 760 1624 tenta
774 1562 854 1624 cadit
867 1561 921 1638 vis,
1081 1567 1143 1628 325

169 1667 232 1731 Tot
246 1669 354 1751 pariter
368 1668 480 1751 pelves,
495 1679 540 1728 tot
551 1665 742 1730 tintinnabula
753 1665 836 1731 dicas

170 1771 297 1836 Pulsari.
342 1770 411 1834 Jam
427 1791 516 1836 nemo
530 1771 624 1849 tubas,
639 1791 801 1842 nemoeera
816 1767 937 1856 fatiget:

169 1873 240 1940 Una
255 1878 395 1941 laboranti
411 1881 517 1962 poterit
531 1902 704 1943 succurrere
719 1881 807 1944 lunae.

212 1977 339 2064 Imponit
353 1983 443 2044 finem
459 1983 576 2064 sapiens
591 1997 622 2044 et
636 1985 725 2046 rebus
739 1985 878 2047 honestis.

168 2083 251 2146 Nam
266 2105 331 2167 quae
346 2084 434 2146 docta
449 2085 535 2148 nimis
550 2087 631 2168 cupit
645 2099 676 2148 et
690 2083 817 2148 facunda
832 2086 936 2161 videri,
1080 2091 1144 2150 330

169 2187 267 2250 Crure
283 2201 368 2251 tenus
379 2188 479 2252 medio
493 2189 607 2258 tunicas
617 2190 791 2274 succingere
807 2192 907 2267 debet,

167 2289 296 2355 Caedere
312 2291 432 2356 Silvano
447 2313 581 2377 porcum,
597 2295 761 2380 quadrante
776 2296 877 2360 lavari.

166 2395 237 2458 Non
253 2397 362 2459 habeat
376 2411 519 2474 matrona,
535 2399 586 2462 tibi
602 2421 666 2485 quae
677 2399 781 2483 juncta
796 2401 951 2476 recumbit,

165 2497 297 2562 Dicendi
313 2521 416 2583 genus,
432 2515 482 2564 aut
497 2515 614 2564 curtum
629 2524 767 2566 sermone
782 2517 876 2565 rotato

166 2585 322 2685 Torqueat
336 2605 536 2686 enthymema,
551 2627 608 2667 nec
622 2606 755 2669 historias
770 2605 843 2669 scint
856 2628 982 2670 omnes:
1080 2609 1143 2668 335

167 2705 230 2766 Sed
247 2706 383 2790 quaedam
400 2727 440 2768 ex
454 2707 533 2769 libris
549 2722 579 2769 et
592 2729 650 2768 non
666 2709 816 2789 intelligat.
863 2709 925 2770 Odi

138 2802 143 2812 ’
165 2807 255 2872 Hanc
271 2831 338 2892 ego,
355 2831 419 2893 quae
435 2810 542 2892 repetit
556 2811 702 2892 volvitque
718 2809 897 2882 Palaemonis
913 2824 1019 2886 artem,

165 2914 292 2977 Servate
305 2935 425 2998 semper
439 2915 505 2997 lege
522 2929 550 2977 et
565 2919 676 2977 ratione
692 2915 842 2998 loquendi,

163 3017 343 3101 Ignotosque
359 3018 430 3079 mihi
445 3032 526 3080 tenet
541 3019 702 3100 antiquaria
716 3041 828 3096 versus,

164 3121 233 3185 Nec
248 3123 378 3185 curanda
394 3122 462 3186 viris
477 3122 585 3206 Opicae
602 3123 726 3205 castigat
737 3123 840 3185 amica
1079 3133 1143 3194 340

162 3223 275 3290 Verba.
321 3227 531 3290 Soloecisrnum
545 3227 633 3290 liceat
647 3226 753 3290 secisse
768 3227 882 3290 marito.

206 3329 258 3392 Nil
273 3352 331 3392 nou
346 3331 486 3414 permittit
501 3332 607 3396 mulier
622 3333 685 3409 sibi,
703 3345 787 3416 turpe
803 3347 886 3416 putat
901 3334 950 3410 nil,

162 3433 268 3506 Quum
285 3433 392 3498 virides
407 3457 542 3519 gemmas
556 3437 632 3500 collo
646 3436 853 3511 circumdedit,
869 3454 899 3499 et
914 3459 1006 3520 quum

162 3538 291 3610 Auribus
307 3540 433 3603 extentis
449 3561 572 3626 magnos
586 3542 733 3608 commisit
747 3541 901 3613 elenchos,
