2534 4022
114 345 157 404 24
430 345 463 394 D.
479 343 573 394 JUNIl
588 343 780 397 tuvunatrs

112 485 183 552 Non
199 489 355 554 dubitaturi
370 489 523 575 fugitivum
539 493 640 556 dicere
661 494 786 578 piscem,

109 593 338 678 Depastumque
353 596 403 658 diu
420 597 529 660 vivaria
543 597 679 675 Cesaris,
695 597 763 661 icd'e

108 698 254 782 Elapsum
268 712 400 762 veterem
415 700 453 764 ad
468 701 622 766 dominum
637 703 748 766 debere
763 702 879 766 reverti.

108 803 141 867 Si
157 805 227 888 quid
241 802 383 882 Palfurio,
399 806 422 868 si
437 806 587 870 credimus
603 807 767 883 Armillato,

105 908 259 994 Quidquid
275 909 478 993 conspicuum,
493 911 709 996 pulchrumque
725 925 770 974 est
783 931 901 994 equore
916 923 987 986 toto,

104 1014 171 1077 Res
186 1013 248 1078 fisci
263 1027 317 1092 est,
333 1015 501 1099 ubicunque
516 1029 605 1078 natat.
654 1014 819 1079 Donabitur
834 1037 916 1098 ergo,

102 1120 152 1184 Ne
168 1133 280 1204 pereat.
325 1118 394 1184 Jam
408 1119 522 1183 letifero
536 1120 663 1184 cedente
678 1120 789 1204 pruinis
1039 1124 1079 1182 55

101 1227 263 1302 Autumno,
273 1224 338 1309 jam
354 1240 526 1310 quartanam
541 1226 725 1311 sperantibus
740 1227 834 1309 egris,

101 1330 250 1394 Stridebat
265 1330 405 1396 deformis
419 1331 524 1408 hiems,
540 1332 730 1416 predamque
750 1343 903 1394 recentem

99 1435 262 1499 Servabat:
285 1447 384 1498 tamen
399 1435 447 1498 hic
462 1450 612 1520 properat,¹
625 1437 706 1498 velut
719 1448 822 1518 urgeat
836 1435 956 1499 Auster.

96 1538 198 1622 thue
212 1539 296 1602 lacus
310 1536 458 1613 suberant,
475 1539 534 1613 ubi,
550 1558 719 1621 quanquam
735 1539 839 1612 diruta,
856 1551 954 1600 servat

95 1644 200 1728 Ignem
214 1641 390 1726 Trojanum,
406 1655 436 1703 et
450 1640 574 1704 Vestam
589 1641 658 1704 colit
671 1641 750 1704 Alba
763 1641 919 1718 minorem,
1031 1644 1074 1702 60

93 1747 215 1812 Obstitit
228 1747 343 1810 intranti
358 1745 488 1808 miratrix
503 1746 587 1809 trrrba
601 1766 771 1830 parumper.

94 1853 137 1916 Ut
151 1852 248 1928 cessit,
264 1849 341 1913 sacili
356 1864 512 1934 patuerunt
526 1851 648 1914 cardine
665 1851 766 1914 valve.

91 1958 217 2022 Exclusi
232 1969 367 2041 spectant
381 1955 509 2020 admissa
522 1957 644 2040 opsonia
658 1956 774 2020 Patres.

90 2063 151 2126 Itur
166 2064 204 2126 ad
218 2062 366 2126 Atridam.
411 2061 495 2124 Turn
510 2061 629 2138 Picens,
645 2063 771 2146 Accipe,
787 2063 871 2140 dixit,
935 2097 937 2106 ι

90 2167 216 2231 Privatis
230 2167 341 2251 majora
355 2165 448 2228 locis:
470 2167 591 2250 genialis
606 2181 708 2248 agatur
1026 2173 1066 2230 65

88 2271 148 2336 Iste
163 2271 236 2348 dies,
251 2292 377 2355 propera
392 2271 577 2334 stomachum
592 2271 693 2333 laxare
709 2272 828 2354 saginis,

88 2375 130 2440 Et
144 2390 195 2440 tua
209 2389 357 2439 servatum
372 2395 514 2438 consume
534 2375 563 2436 in
579 2375 687 2436 saecula
701 2374 869 2437 rhombum.

85 2482 154 2567 Ipse
168 2483 235 2566 capi
250 2481 350 2544 voluit.
395 2480 478 2554 Quid
495 2479 650 2562 apertius?
674 2493 817 2543 ettamen
832 2481 869 2544 illi

85 2579 251 2670 Surgebant
265 2585 370 2648 cristae.
415 2583 497 2648 Nihil
513 2597 566 2661 est,
582 2585 663 2667 quod
678 2586 803 2648 credere
819 2587 857 2650 de
873 2609 904 2650 se

83 2691 155 2754 Non
168 2691 270 2775 possit,
285 2710 376 2775 quum
390 2689 525 2752 laudatur
540 2689 586 2753 dis
605 2707 689 2774 aeque
703 2705 843 2774 potestas.
1020 2701 1060 2756 70

84 2796 148 2860 Sed
163 2796 266 2859 deerat
279 2796 351 2879 pisci
368 2796 472 2879 patina
489 2817 637 2859 mensura.
681 2797 835 2860 Vocantur

81 2899 166 2983 Ergo
180 2900 212 2979 in
224 2900 378 2962 consilium
392 2919 541 2980 proceres,
558 2897 631 2981 quos
645 2899 750 2960 oderat
765 2899 835 2977 ille3
928 2981 930 2986 Ι

80 3004 115 3067 In
131 3024 256 3088 quorum
272 3001 348 3065 facie
363 3002 480 3064 miserae
497 3023 670 3085 magnaeque
686 3003 807 3066 sedebat

78 3108 180 3172 Pallor
194 3105 338 3170 amicitie.
383 3105 513 3183 Primus,
528 3106 674 3169 clamante
690 3107 831 3185 Liburno,

79 3213 220 3276 Currite!
239 3211 304 3296 jam
319 3210 412 3272 sedit!
430 3210 513 3294 raptai
527 3211 705 3295 properabat
720 3213 813 3276 abolllr
1012 3223 1052 3280 75

77 3319 223 3402 Pegasus,
239 3315 368 3378 atunirae
384 3315 494 3399 positus
509 3316 600 3380 modo
615 3318 726 3381 villicus
737 3316 822 3380 Urbi.

76 3426 165 3487 Anne
180 3420 258 3485 aliud
273 3434 343 3484 tunc
358 3419 511 3504 praetecri?
535 3443 659 3506 quorum
674 3423 802 3506 optimus
818 3439 906 3506 atque

76 3529 223 3614 Interpres
237 3527 337 3611 legum
352 3528 560 3605 sanctissimus,
575 3529 674 3591 omnia
690 3547 856 3611 quanquam
