2534 4022
102 361 123 420 8
409 349 442 400 u.
457 346 550 402 suun
565 341 755 400 ruvsumrs
846 421 849 427 .

105 502 183 576 Quae
197 497 272 564 tihi?
317 495 367 561 Ne
381 496 492 582 pudeat
507 497 658 559 dominum
674 505 835 558 monstrare
850 487 989 552 taberne.

106 604 198 680 Quod
214 604 237 666 si
251 617 395 664 vexantur
409 602 491 684 leges
507 623 542 664 ac
559 599 638 686 jura,
653 599 735 663 citari

104 709 182 771 Ante
197 727 301 770 omnes
316 706 406 768 dehet
421 703 561 766 Scatinia.
607 704 740 786 Respice
758 698 894 785 primirm,

104 811 146 874 Et
161 823 290 873 scrutare
305 810 404 870 viros:
429 807 539 870 faciunt
552 807 582 868 hi
598 806 700 889 plura3
726 807 780 868 sed
796 804 860 864 illos

103 913 249 976 Defendit
264 933 403 976 numerus
412 911 582 996 junctaeque
597 913 726 974 umbone
741 908 912 992 phalanges.

105 1017 217 1100 Magna
232 1016 306 1078 inter
322 1016 424 1078 molles
438 1015 608 1076 concordia.
654 1013 725 1075 Non
740 1012 794 1073 erit
817 1010 908 1070 ullum

105 1117 291 1202 Exemplum
305 1120 334 1180 in
349 1132 448 1180 nostro
462 1131 522 1178 tam
538 1117 710 1178 detestabile
722 1136 807 1178 sexu.

107 1223 249 1304 Nunquid
265 1243 318 1284 nos
334 1222 448 1303 agimus
463 1218 592 1284 causas?
616 1219 711 1282 civilia
720 1218 789 1302 jura

108 1325 276 1388 Novimus?
299 1340 349 1386 aut
363 1325 421 1386 ullo
436 1324 556 1406 strepitu
572 1322 635 1386 sora
650 1337 746 1384 vestm
760 1319 938 1384 movemus?
1037 1355 1043 1374 .

108 1429 272 1492 Luctantur
287 1450 411 1510 paucae3
433 1429 594 1490 comeduut
608 1427 735 1510 coliphia
750 1447 863 1509 peuoae.

109 1532 174 1594 Vos
187 1532 285 1593 lanam
300 1531 420 1606 trahitis,
436 1531 616 1612 calathisque
632 1543 753 1611 peracta
769 1528 882 1590 refertis
976 1546 981 1558 ‘

109 1634 250 1698 Vellera:
272 1656 324 1696 vos
338 1633 418 1696 tenui
433 1647 631 1716 pregnantem
647 1633 769 1694 stamine
785 1632 883 1694 lusum

111 1739 265 1822 Penelope
277 1739 392 1812 melitis,¹
405 1737 499 1800 levius
512 1737 652 1818 torquetis
668 1736 817 1808 Arachne,

112 1841 243 1904 Horrida
259 1842 345 1924 quale
360 1839 430 1903 facit
444 1840 576 1902 residens
591 1840 620 1901 in
634 1839 740 1902 codice
756 1839 867 1922 pellex.

113 1945 227 2009 Notum
243 1959 296 2020 est,
312 1966 364 2006 cur
379 1944 441 2006 solo
452 1945 564 2006 tabulas
579 1943 742 2026 impleverit
757 1941 859 2004 Hister

114 2049 260 2127 Libert03
283 2049 398 2112 dederit
414 2049 495 2110 vivus
510 2070 564 2110 our
579 2048 670 2110 multa
685 2047 802 2130 puelle.

115 2152 209 2214 Dives
224 2153 288 2227 erit,
303 2173 410 2233 magno
422 2171 490 2233 quae
506 2153 612 2214 dormit
626 2153 711 2213 tertia
725 2153 814 2214 leoto.

115 2255 166 2316 Tu
182 2255 260 2316 nube
275 2270 363 2336 atque
377 2269 463 2317 tace:
485 2255 595 2318 donant
609 2276 717 2318 arcuna
732 2255 889 2336 cylindros

116 2358 167 2420 De
182 2359 265 2420 nobis
281 2372 346 2441 post
360 2360 424 2420 haec
437 2359 523 2422 tristis
538 2360 680 2422 sententie
690 2357 802 2420 sertnr:

117 2461 180 2522 Dat
193 2462 309 2523 veniam
325 2463 430 2536 corvis,
446 2475 536 2524 vexet
546 2483 671 2538 censura
686 2462 849 2523 columbas.

162 2563 317 2648 Fugerunt
330 2566 436 2646 trepidi
449 2585 521 2627 vera
535 2587 571 2627 ao
585 2563 737 2626 manifesta
753 2577 909 2625 canentem

120 2671 271 2734 Stoicidae.
317 2669 400 2742 Quid
414 2669 493 2732 enim
508 2668 572 2733 salsi
587 2666 761 2732 Lauronia?
808 2666 870 2728 Sed
891 2667 960 2749 quid
1028 2743 1033 2750 ,

120 2775 189 2839 Nou
205 2774 312 2838 sacient
328 2775 384 2850 alii,
400 2795 491 2857 quum
505 2789 536 2838 tu
552 2774 680 2836 multicia
695 2795 804 2848 sumas,

120 2877 254 2952 Orchoe,
269 2892 299 2939 et
313 2879 389 2938 hanc
404 2889 516 2936 vestem
532 2877 641 2957 populo
656 2877 780 2937 mirante
796 2896 916 2958 perores

121 2980 156 3043 In
171 2980 317 3044 Proculas
332 2993 362 3040 et
376 2977 521 3040 Pollitas?
566 2979 623 3042 Est
638 2980 757 3042 nroeche
771 2979 897 3042 Labulle
913 3003 921 3041 :

122 3083 299 3158 Damnetur‚
315 3083 338 3144 si
353 3083 406 3158 vis,
421 3081 510 3144 etiam
525 3082 677 3146 Carfinia:
701 3085 789 3146 talem

122 3188 193 3251 Non
209 3200 305 3250 sumet
319 3187 458 3249 damnata
470 3199 582 3269 togam.
628 3187 689 3248 Sed
711 3185 806 3250 Julius
820 3188 922 3267 ardet3

125 3293 241 3356 AEstuo.
287 3291 394 3354 Nudus
409 3291 499 3372 agas!
522 3289 623 3354 Minirs
637 3304 682 3353 est
695 3291 805 3354 insania
820 3291 921 3375 turpis.

125 3397 175 3461 En
189 3397 330 3472 habitum,
346 3417 405 3479 quo
419 3409 448 3458 te
462 3395 545 3478 leges
559 3417 595 3458 uc
612 3395 680 3479 jura
694 3394 836 3460 serentem
1055 3407 1095 3462 55

124 3499 305 3564 Vulneribus
319 3499 418 3562 crudis
431 3501 557 3584 populus
571 3500 663 3564 modi>
677 3501 779 3578 victor,
795 3516 825 3564 et
839 3502 908 3565 illud
