2532 4008
578 357 702 408 status·
714 357 749 408 X.

172 500 207 566 ln
221 503 321 567 vetuli
334 505 436 588 scalpit
445 504 508 590 jam
524 519 619 569 mater
632 505 716 570 simia
729 503 836 568 buoch.

102 643 106 650 x
140 659 142 664 ,
174 605 306 672 Plurima
321 623 386 672 sunt
396 609 541 694 juvenum
556 610 743 674 discrimina:
764 606 913 691 pulchrior
925 603 974 667 ille

175 709 255 788 Hoc,
271 727 358 797 atque
373 715 421 776 ille
436 713 514 792 alio3
536 713 660 776 multdm
675 713 724 774 hic
737 711 880 781 robustior
893 710 953 773 illo.

178 813 245 878 Una
260 839 364 879 senum
379 816 480 894 facies,
495 839 566 880 cum
580 839 654 882 voce
668 815 823 880 trementia
838 814 973 876 membra

177 915 220 980 Et
229 919 292 1002 jam
306 921 373 983 leve
388 935 487 1004 caput,
502 921 672 1004 madidique
687 920 806 982 infantia
820 919 893 982 nasi.

178 1019 373 1104 Frangendus
388 1025 495 1088 misero
511 1023 627 1108 gingiva
640 1025 723 1108 panis
734 1023 859 1085 inermis

177 1123 282 1208 Usque
298 1127 374 1190 adad
389 1129 484 1210 gravis
498 1129 594 1205 uxori,
609 1129 753 1212 natisque,
769 1128 892 1210 sibique,

178 1227 222 1292 Ut
236 1231 376 1311 captatori
391 1247 508 1295 moveat
522 1231 638 1296 fastidia
652 1232 764 1294 Cosso.

182 1331 253 1393 Non
268 1333 375 1394 eadem
390 1335 449 1395 vini
463 1349 550 1417 atque
566 1335 633 1410 cibi,
648 1348 782 1416 torpente
798 1335 907 1416 palato,

183 1433 508 1499 Gaudia-Prummu
524 1459 587 1520 quae
603 1459 681 1500 nunc
697 1451 834 1499 cantante
850 1436 995 1518 voluptaS,

182 1535 228 1598 sit
241 1537 311 1600 licet
325 1539 450 1602 eximius
464 1541 653 1616 citharoedus,
669 1541 739 1602 sitve
757 1539 911 1614 Seleucus,
1087 1543 1153 1602 205

101 1702 103 1704 ,
183 1639 226 1703 Εῑ
240 1643 344 1724 quibus
359 1643 461 1708 aurata
475 1665 539 1708 mos
554 1659 599 1708 est
612 1644 724 1728 fulgere
739 1642 881 1706 lacernis?

184 1743 267 1817 Quid
282 1746 382 1823 refert,
397 1749 496 1831 magni
511 1751 615 1812 sedeat
629 1748 689 1832 qud
703 1761 788 1832 parte
802 1748 918 1824 theatri,

184 1847 248 1920 Qui
261 1850 311 1912 vix
326 1852 490 1914 cornicines
504 1853 644 1914 exaudiat
659 1866 747 1934 atque
762 1853 899 1915 tubarum

186 1950 381 2016 Concentus?
404 1955 534 2016 clamore
548 1975 623 2036 opus
638 1969 692 2030 est,
708 1969 740 2016 ut
754 1956 859 2016 sentiat
873 1955 960 2029 auris,

186 2053 289 2126 Quem
306 2057 384 2116 dicat
397 2056 512 2118 venisse
527 2076 611 2137 puer,
627 2069 697 2138 quot
711 2057 823 2118 nuntiet
837 2057 935 2118 horas.
1094 2059 1158 2118 210

187 2157 338 2221 Praeterea
353 2144 491 2222 minimus
506 2160 602 2242 gelido
613 2159 676 2244 jam
691 2159 720 2221 in
736 2177 859 2243 corpore
875 2161 994 2244 sanguis

189 2262 289 2325 Febre
304 2261 384 2326 calet
399 2264 482 2342 solh3
505 2264 673 2327 circumsilit
688 2265 805 2347 agmine
824 2264 903 2328 lacto

189 2365 362 2430 Morborum
379 2390 467 2430 omne
483 2389 574 2450 genus
586 2391 593 2430 :
604 2413 606 2420 ,
617 2390 741 2451 quorum
757 2370 779 2432 si
794 2371 913 2432 nomina
929 2391 1051 2454 quaeras,

190 2471 362 2556 Promptids
377 2474 546 2556 expediam,
562 2487 633 2556 quot
648 2474 790 2535 amaverit
805 2473 918 2556 Hippia
930 2475 1076 2550 moechos,

188 2576 276 2650 Quot
289 2578 454 2641 Themison
470 2591 720 2660 egros'uutumno
734 2578 876 2640 occiderit
890 2599 959 2654 uno,
1099 2583 1162 2640 215

192 2679 278 2753 Quot
287 2680 405 2742 Basilus
419 2681 525 2754 socios,
542 2693 612 2761 quot
621 2681 887 2761 circumscripserit
901 2679 1009 2742 Hirrus

192 2783 326 2868 Pupillus
335 2784 483 2864 3-citiirs,
500 2797 570 2866 quot
583 2782 664 2844 villas
679 2781 827 2866 possideat
840 2802 930 2856 nunc,

193 2888 266 2962 Quo
280 2890 421 2952 tondente
436 2889 530 2971 gravis
540 2887 642 2972 juveni
657 2887 728 2950 mihi
743 2887 833 2951 barba
846 2886 980 2950 sonabat.

193 2993 247 3055 Ille
262 2994 396 3068 humero,
412 2993 460 3054 hic
474 2993 592 3066 lumbis,
608 2993 655 3054 hic
670 2991 750 3054 coxit
764 2987 878 3066 debilis,
894 2991 997 3054 ambos

193 3097 331 3161 Perdidit
344 3097 519 3172 illeoculos,
535 3109 566 3158 et
579 3095 667 3158 luscis
677 3095 807 3156 invidet:
830 3094 916 3176 hujus
1084 3177 1088 3183 Ι
1103 3100 1169 3157 220

185 3200 312 3264 'Pallida
326 3203 408 3265 labra
422 3203 522 3265 aihum
538 3200 685 3285 accipiunt
699 3197 795 3280 digitis
809 3197 920 3260 alienis.

197 3302 267 3386 lpse
282 3306 320 3366 ad
335 3323 526 3388 conspectum
542 3325 635 3367 coenae
651 3303 793 3366 diducere
807 3303 914 3365 rictum

201 3407 321 3482 Suems‚
336 3409 396 3471 hiat
409 3409 532 3484 tautum,
547 3429 603 3471 ceu
619 3407 714 3492 pullus
728 3407 900 3482 hirundinis,
916 3407 954 3470 ad
970 3426 1060 3490 quem

201 3512 265 3574 Ore
280 3511 358 3574 volat
372 3511 460 3594 pleno
469 3525 569 3574 mater
580 3511 692 3596 jejuna.
739 3509 802 3573 Sed
817 3512 898 3572 omni
