2532 4008
131 341 212 411 124'
370 402 379 413 ,
446 343 479 395 1).
495 340 589 397 Jurrrr
604 347 795 398 Juvsurnrs

128 493 178 557 De
193 493 390 559 conducendo
403 487 530 578 loquitur
540 495 604 579 jam
619 497 736 558 rhetore
751 486 864 556 Thule.

127 595 242 660 Nobilis
256 598 303 660 ille
318 612 417 661 tamen
433 600 566 680 populus,
583 621 672 681 quern
688 599 838 674 diximus3
861 609 891 658 et
905 613 959 679 par

126 699 241 765 Virtute
257 718 344 786 atque
360 703 429 778 lide,
445 703 498 765 sed
515 702 608 785 major
622 703 719 777 clade,
736 701 886 784 Saguntus

125 803 203 867 Tale
215 806 285 888 quid
301 819 435 868 excusat.
480 805 621 867 Maeotide
637 806 743 867 saevior
758 803 811 866 arb
1039 803 1100 864 115

125 908 292 992 AEgyptus3
315 911 423 996 quippe
439 909 486 970 illa
501 909 620 971 nefandi
634 909 765 971 Taurica
780 909 857 970 sacri

124 1012 274 1075 Inveutrix
289 999 422 1075 homines
439 1012 485 1096 (ut
494 1013 569 1096 jam,
587 1035 650 1095 quae
666 1011 796 1074 carmina
810 1011 938 1086 tradunt,

125 1115 225 1199 Digna
240 1117 299 1178 fide
314 1118 434 1201 credas)
452 1117 563 1178 tautirm
578 1116 719 1190 immolat,
734 1115 854 1176 ulterius
869 1114 909 1175 nil

125 1221 186 1282 Aut
200 1221 315 1302 gravius
330 1222 423 1283 cultro
439 1222 522 1284 timet
535 1221 639 1283 hostia.
685 1219 747 1292 Qui
764 1217 854 1280 modd
869 1237 956 1282 casus

124 1322 242 1407 Impulit
256 1323 336 1387 hos?
360 1347 423 1408 quae
439 1340 517 1388 tanta
533 1324 628 1387 sames
642 1323 806 1407 infestaque
822 1323 897 1386 vallo
1038 1325 1100 1384 120

125 1429 218 1491 Arma
233 1432 397 1511 coegerunt
411 1442 472 1490 tam
489 1427 661 1489 detestabile
677 1441 839 1488 monstrum

127 1532 272 1594 Audere?
317 1534 404 1594 Anne
421 1531 517 1605 aliam,
532 1530 611 1592 terrd
625 1531 823 1612 Memphitide
838 1529 928 1607 sicori,

124 1635 267 1698 Invidiam
283 1635 415 1697 lacerent
429 1635 537 1696 nolenti
551 1656 671 1717 surgere
687 1633 784 1696 Nilo?

124 1737 197 1812 Qua
211 1761 268 1801 nec
284 1739 426 1801 terribiles
441 1738 565 1814 Cimbri,
580 1759 637 1800 nec
653 1738 791 1802 Britones
806 1759 946 1822 unquam,

126 1847 342 1906 Sauromataeve
359 1857 466 1919 truces,
483 1858 532 1905 aut
546 1843 691 1906 immanes
706 1844 875 1926 Agathyrsi,
1038 1846 1101 1904 125

125 1945 196 2008 Htc
211 1947 291 2010 saevit
306 1948 386 2009 rabie
401 1947 519 2010 imbelle
535 1962 564 2010 et
578 1948 677 2010 inutile
693 1947 807 2032 vulgus,
829 1991 833 2000 ·

124 2049 253 2114 Parvula
267 2053 402 2116 fictilibus
418 2055 532 2116 solitum
549 2055 621 2116 dare
637 2055 702 2116 vela
716 2054 854 2137 phaselis,

125 2153 167 2216 Et
181 2156 317 2218 brevibus
332 2157 415 2239 pictae
431 2157 520 2218 remis
536 2157 707 2217 incumbere
722 2169 814 2217 testae.

124 2257 192 2319 Nec
208 2279 328 2341 paenam
344 2261 448 2322 sceleri
460 2253 600 2332 invenies,
616 2279 673 2319 nec
688 2258 777 2338 digna
791 2261 908 2340 parabis

126 2359 277 2444 Supplicia
292 2363 336 2424 his
351 2362 474 2444 populis,
485 2362 512 2422 in
529 2381 658 2442 quorum,
669 2375 768 2422 mente
783 2381 870 2443 pares
884 2375 951 2426 sunt
1040 2369 1101 2428 130

115 2463 165 2536 ,Er
180 2465 289 2528 similes
303 2466 345 2527 ira
360 2480 448 2549 atque
464 2465 567 2527 sames.
614 2464 787 2528 lllollissima
801 2467 892 2529 corda

125 2567 268 2628 Humano
283 2570 383 2649 generi
399 2569 470 2630 dare
487 2583 637 2631 sanatura
652 2568 767 2646 latetur,

124 2671 202 2744 Qua
218 2671 364 2755 lacrymas
379 2673 482 2735 dedit:
505 2673 573 2736 haec
588 2675 677 2736 nostri
692 2697 760 2758 pars
774 2676 886 2758 optima
900 2675 1014 2740 sensus.

124 2773 249 2836 Plorare
265 2795 336 2858 ergo
345 2775 431 2859 jubet
446 2799 549 2840 casum
564 2780 689 2860 lugentis
704 2780 801 2852 amici,

125 2877 428 2958 Squaloremquerei,
445 2881 587 2958 pupillum
604 2879 720 2960 adjura
736 2893 892 2942 vocantem
1040 2887 1100 2946 135

124 2977 430 3062 Circumscriptorenr‚
446 2981 532 3063 cujus
548 2983 694 3044 manantia
708 2981 780 3045 lletu

124 3081 187 3146 Ora
202 3083 346 3166 puellares
362 3082 472 3148 iaciunt
486 3086 597 3149 incerta
613 3087 721 3169 capilli.

123 3187 244 3249 Naturae
260 3189 384 3271 imperio
399 3191 556 3270 gemimus,
573 3212 663 3272 quum
680 3189 766 3251 sunus
781 3189 891 3254 adultae

122 3287 250 3372 Virginis
264 3292 402 3364 occurrit,
418 3292 466 3351 vel
480 3291 559 3352 terrd
573 3293 717 3354 clauditur
732 3292 836 3371 inians,

124 3392 166 3456 Et
181 3394 275 3453 minor
289 3393 356 3473 igne
371 3394 444 3474 rogi.
491 3392 567 3466 Quis
580 3396 658 3456 enim
675 3397 769 3458 bonus
784 3411 814 3459 ct
828 3397 894 3462 lace
910 3399 1014 3484 dignus
1041 3407 1101 3465 tto

124 3495 253 3571 ſtraena,
269 3495 386 3578 qualem
402 3495 525 3560 Cereris
539 3499 600 3561 vudt
614 3520 680 3562 esse
692 3501 843 3577 sacerdos,
