2534 4022
116 415 156 476 00
423 407 775 460 cucurrissemus

117 559 149 624 N
150 581 187 624 ec
201 579 256 644 per
269 571 431 622 conventus
445 570 476 622 et
488 571 597 622 cuncta
610 579 665 643 per
679 558 789 643 oppida
803 557 900 622 curvis

117 661 273 746 Unguibus
287 663 330 726 ire
344 675 428 747 parat
441 683 580 726 nummos
594 677 713 748 raptura
728 662 870 726 Celaeno:

118 765 208 831 Tunc
222 767 293 830 licet
307 789 324 830 a
338 765 415 830 Pico
429 787 570 832 numeres
584 788 677 850 genus
690 789 699 846 3
722 767 838 852 altaque
852 767 878 832 si
892 781 922 832 te

120 871 251 936 Nomina
266 872 423 950 delectant,
437 893 558 936 omnem
572 871 714 936 Titanida
728 893 858 957 pugnam

119 974 199 1040 Inter
214 976 342 1061 majores
356 976 512 1060 ipsumque
527 975 708 1040 Promethea
723 998 838 1060 ponas:

122 1079 173 1144 De
189 1100 366 1164 quocunque
381 1082 464 1144 voles
476 1101 618 1164 proavum
633 1081 684 1144 tibi
699 1081 806 1144 sumito
820 1081 915 1150 libro..

123 1183 216 1258 Quod
231 1185 255 1248 si
270 1185 450 1270 precipitem
465 1185 542 1269 rapit
556 1184 675 1248 ambitio
690 1199 778 1268 atque
792 1185 893 1262 libido,
1035 1189 1098 1249 135

125 1289 158 1352 si
172 1288 281 1373 frangis
295 1291 391 1374 virgas
405 1291 552 1354 sociorum
568 1290 597 1352 in
612 1289 762 1374 sanguine,
778 1291 802 1354 si
816 1305 846 1354 te

124 1393 285 1458 Delectant
299 1395 423 1458 hebetes
437 1395 515 1460 lasso
529 1395 632 1458 lictore
647 1417 766 1459 secures
778 1419 788 1476 ;

125 1497 231 1580 Incipit
245 1499 374 1580 ipsorum
390 1513 492 1561 contra
507 1512 537 1562 te
552 1512 629 1562 stare
644 1514 812 1582 parentum.

127 1601 284 1677 Nobilitas,
300 1602 469 1684 claramque
484 1599 583 1664 sanem
598 1601 734 1685 prolerre
750 1604 908 1687 pudendis.

128 1703 228 1767 Omne
245 1705 332 1784 animi
348 1705 449 1768 vitium
463 1705 545 1768 tantb
559 1709 747 1794 conspectius
761 1709 791 1772 in
806 1730 839 1772 se

129 1807 252 1872 Crimen
267 1811 366 1887 habet,
382 1809 491 1894 quanto
507 1810 610 1896 major,
623 1813 676 1896 qui
690 1809 957 1896 peecat‚‘babetur.

129 1912 202 1987 Quo
216 1915 288 1977 mihi
302 1929 331 1978 te
346 1915 461 1979 solitum
476 1914 563 1980 salsas
577 1917 693 1999 signare
707 1895 831 1983 tainellas

123 2019 165 2081 'In
179 2019 305 2103 templis,
321 2042 385 2105 quae
400 2019 470 2084 fecit
486 2042 567 2098 avus,
581 2035 766 2106 statuamque
784 2023 910 2107 parentis

130 2125 210 2187 Ante
225 2125 455 2208 triumphalem?
478 2125 549 2208 qub,
563 2127 589 2190 ¹si
603 2141 763 2190 nocturnus
778 2128 893 2192 adulter

131 2227 286 2311 Tempora
303 2228 463 2290 Santonico
478 2228 559 2291 velas
573 2228 716 2311 adoperta
730 2211 871 2292 cucullo?

133 2331 246 2394 Praeter
262 2330 406 2415 majorum
421 2331 536 2394 cineres
552 2343 640 2413 atque
655 2353 723 2394 ossa
737 2332 849 2394 volucri
868 2385 870 2390 t

134 2434 286 2521 Carpento
301 2436 410 2518 rapitur
424 2435 538 2520 pinguis
552 2435 763 2519 Damasippus,
779 2435 897 2520 etipse,

134 2541 202 2624 lpse
218 2555 311 2602 rotam
328 2541 478 2623 adstringit
491 2541 583 2604 multo
598 2539 763 2604 sufflamine
778 2542 902 2604 consul:

136 2644 237 2708 Nocte
253 2643 373 2729 quidem
385 2667 395 2725 3
418 2644 472 2708 sed
484 2644 555 2708 luna
568 2645 659 2722 videt,
673 2646 726 2709 sed
744 2648 842 2710 sidera
856 2660 946 2712 testes

136 2750 295 2815 Intendunt
308 2751 422 2816 oculos.
466 2749 598 2819 Finiturn
613 2763 732 2837 tempus
746 2753 865 2816 honoris

138 2855 241 2928 Quum
258 2855 353 2930 fuerit,
368 2855 450 2918 clara
463 2855 665 2938 Damasippus
678 2857 746 2917 luce
761 2855 911 2936 flagellum

141 2959 255 3035 Sumet,
272 2972 303 3022 et
315 2977 472 3021 occursum
486 2977 640 3040 uunquam
654 2957 811 3040 trepidabit
825 2957 913 3022 amici

140 3063 207 3126 Jam
223 3061 312 3139 senis,
327 3083 364 3126 ao
377 3059 460 3145 virgis
473 3061 552 3146 prior
567 3076 686 3140 annuet,
703 3077 791 3146 atque
806 3061 950 3146 maniolas

143 3169 254 3244 Solvet,
270 3183 300 3230 et
313 3167 447 3233 infundet
455 3167 596 3252 jumentis
610 3167 722 3230 hordea
737 3167 829 3230 lassis.

141 3273 269 3348 Interea,
286 3273 357 3334 dum
371 3272 482 3334 lanatas
496 3283 670 3352 torvumque
680 3269 844 3353 juvencum

143 3379 231 3443 More
246 3375 354 3441 Numae
370 3375 457 3438 caedit
470 3372 552 3440 Jnuis
567 3387 633 3438 ante
649 3375 759 3452 altaria,
769 3375 851 3460 jurat

146 3483 248 3547 Solam
262 3479 403 3564 Eponam
417 3493 447 3544 st
457 3477 553 3544 lanies
566 3477 699 3545 olida-ad
713 3481 858 3566 presepia
872 3483 974 3568 picto.

147 3586 210 3649 Sed
226 3606 317 3671 quum
332 3584 488 3670 pervigiles
502 3583 773 3670 placetinstaurare
788 3579 932 3673 popinasr
