2534 4022
57 1448 99 1760 ficata&
69 1148 99 1410 3-61‘37
43 944 110 1100 χαί-4,,

453 828 490 886 D.
512 826 623 886 JUNII
645 824 870 900 JUVENALIS

575 1114 749 1168 inumeris

475 1364 849 1442 SATIRARUM

523 1631 628 1678 LIBER
644 1630 785 1679 PRIMUS.
821 1629 829 1640 '

549 1963 713 2025 SATIRA
735 1963 760 2026 I.

167 2151 302 2212 Sensus
316 2172 372 2233 ego
388 2151 502 2214 auditor
516 2149 654 2212 tantum?
677 2172 867 2234 nunquamne
883 2172 1036 2236 reponam,

163 2253 299 2318 Vexatus
314 2255 398 2318 toties
413 2256 495 2318 rauci
510 2253 665 2317 Theseide
681 2255 801 2318 Codri?

161 2359 286 2441 Impune
303 2381 374 2440 ergo
391 2361 460 2422 mihi
476 2361 643 2436 recitaverit
656 2361 704 2423 ille
720 2375 841 2443 togatas,

163 2462 224 2524 Hic
239 2461 362 2544 elegos?
384 2463 504 2546 impune
520 2465 599 2526 diem
617 2465 833 2547 consumpserit
847 2465 950 2546 ingens

160 2565 325 2649 Telephus,
342 2581 392 2628 aut
406 2568 513 2628 summi
529 2568 619 2650 plenu
627 2569 691 2652 jam
707 2570 839 2651 margine
855 2569 918 2630 libri
1115 2573 1133 2628 5

161 2668 306 2750 Scriptus,
322 2682 352 2728 et
366 2668 395 2728 in
409 2683 502 2750 tergo,
518 2693 575 2733 nec
591 2672 662 2733 dum
677 2673 784 2748 finitus,
801 2671 947 2734 Orestes?

201 2772 283 2834 Nota
298 2769 392 2853 magis
407 2773 477 2833 nulli
493 2773 599 2835 domus
615 2788 660 2836 est
674 2797 736 2853 sua,
753 2776 841 2857 quam
857 2775 927 2836 mihi
942 2775 1025 2838 lucus

158 2877 273 2952 Martis,
290 2889 320 2937 et
336 2874 440 2938 AEoliis
455 2877 584 2938 vicinum
600 2867 720 2960 rupibus
732 2892 846 2940 antrum

157 2980 295 3042 Vulcani.
341 2977 424 3051 Quid
441 2995 528 3062 agant
542 2982 630 3057 venti,
648 3005 720 3064 quas
734 2997 870 3064 torqueat
885 2985 1004 3047 umbras

155 3085 279 3160 AEacus,
295 3083 374 3146 unde
391 3084 464 3146 alius
480 3083 591 3146 furtivae
607 3086 734 3147 devehat
749 3109 853 3147 aurum
1096 3097 1132 3151 10
1218 3113 1222 3120 ’

155 3187 316 3262 Pelliculae,
333 3201 456 3270 quantas
471 3189 619 3274 jaculetur
634 3187 804 3272 Monychus
818 3211 916 3266 ornos,

157 3289 316 3353 Frontonis
331 3292 448 3373 platani,
465 3294 665 3376 convulsaque
681 3317 828 3357 marmora
843 3295 972 3358 clament

153 3393 294 3475 Semper,
312 3408 342 3455 et
357 3395 474 3458 assiduo
489 3410 580 3478 ruptae
596 3398 709 3459 lectore
724 3400 880 3460 columnae.

150 3495 324 3578 Exspectes
339 3498 445 3560 eadem
463 3521 480 3561 a
495 3522 613 3562 summo
628 3501 808 3584 minimoque
824 3505 931 3585 poeta!

494 3610 508 3663 1
