2532 4008
444 323 477 370 D.
494 322 589 372 JUNH
604 321 794 372 JUVENALrs

496 576 660 640 SATIRA
681 577 738 640 Xl.

129 788 275 848 Arctoos
292 787 401 848 eximi'e
417 787 440 848 si
454 800 564 862 catenat,
580 788 675 850 lautus
689 787 836 864 habetur;

131 891 163 952 Si
179 891 306 966 Rutilus,
322 891 456 954 demens.
502 889 584 963 Quid
601 892 680 953 enim
695 891 807 974 majore
822 891 966 954 cachinno

129 995 285 1079 Excipitur
299 997 387 1078 volgi,
403 997 492 1079 quem
508 1017 620 1079 pauper
634 995 780 1078 Apicius?
825 995 932 1058 Omnis

129 1100 301 1176 Convictus,
316 1102 449 1176 thermae,
464 1103 612 1176 stationes,
627 1122 716 1162 omne
731 1101 878 1163 theatrum

128 1203 178 1266 De
195 1204 307 1268 Rutilo.
353 1205 385 1266 N
387 1227 434 1268 am
446 1207 517 1268 dum
533 1205 630 1266 valida
645 1226 680 1266 ac
690 1204 832 1288 juvenilia
846 1206 979 1268 membra
1083 1209 1101 1266 5

132 1309 288 1372 Sufficiunt
302 1309 404 1392 galeae,
421 1311 552 1392 dumque
568 1309 671 1370 ardent
686 1309 837 1390 sanguine,
852 1307 953 1384 fertur,

128 1413 198 1476 Non
214 1429 339 1496 cogente
356 1415 486 1497 quidem,
502 1415 555 1477 sed
571 1436 627 1476 nec
642 1415 816 1497 prohibente
830 1413 956 1489 tribuno,

130 1518 298 1600 Scripturas
312 1518 393 1599 leges
408 1533 438 1580 et
452 1519 532 1600 regia
547 1520 639 1580 verba
653 1519 774 1580 lanistae.

129 1622 241 1684 Multos
256 1622 343 1704 porrd
358 1623 450 1697 vides,
465 1643 541 1704 quos
555 1621 632 1704 saepb
649 1623 747 1684 elusus
762 1622 801 1705 ad
816 1623 912 1706 ipsum

129 1726 268 1799 Creditor
283 1727 429 1788 introitum
445 1715 708 1808 solet'exspeotare
723 1727 851 1802 macelli,
963 1763 991 1794 v,
1067 1733 1104 1788 tu

131 1831 172 1892 Et
187 1831 291 1913 quibus
305 1831 334 1892 iu
350 1831 411 1893 solo
426 1831 543 1893 vivendi
555 1852 648 1894 causa
663 1832 760 1914 palato
775 1844 829 1894 est.

131 1933 279 2018 Egregius
293 1949 401 2011 coenat,
417 1936 580 2018 meliusque
596 1937 776 1999 miserrimus
787 1938 903 2012 horum,

131 2039 173 2102 Et
187 2039 246 2101 citd
258 2061 380 2102 casurus
390 2040 454 2124 jam
468 2040 640 2123 perlucente
655 2040 749 2104 ruina.

131 2144 247 2206 Interea
262 2159 362 2226 gustus
377 2147 525 2208 elementa
539 2167 592 2229 per
607 2148 706 2208 omnia
721 2163 865 2229 querunt,
918 2203 927 2212 .

132 2247 295 2332 Nunquam
311 2250 409 2312 animo
421 2251 523 2332 pretiis
537 2251 738 2314 obstantibus:
760 2251 880 2312 interius
895 2251 919 2312 si
1066 2255 1105 2312 15

132 2352 287 2429 Attendas,
303 2353 397 2437 magis
411 2355 460 2416 illa
469 2355 582 2438 juvant,
599 2375 662 2437 quae
678 2354 767 2436 pluris
782 2367 928 2416 emuntur.

131 2455 214 2539 Ergo
229 2459 306 2520 haud
323 2459 442 2522 difficile
457 2473 511 2536 est,
527 2459 685 2542 perituram
701 2461 854 2520 arcessere
869 2479 1016 2524 summam

132 2559 282 2624 Lancibus
297 2566 447 2646 oppositis,
462 2563 510 2626 vel
524 2564 627 2624 matris
639 2563 766 2644 imagine
782 2561 884 2639 stactei,
1082 2605 1086 2614 ·

132 2663 173 2726 Et
189 2667 405 2750 quadringentis
419 2667 547 2741 nummis
562 2667 683 2730 condire
700 2667 835 2749 gulosum
1072 2751 1076 2757 ι

132 2767 259 2832 Fictile:
282 2773 324 2835 sic
340 2774 459 2837 veniunt
473 2774 510 2834 ad
526 2773 717 2835 miscellanea
731 2773 805 2834 ludi·
848 2781 851 2788 '
1024 2815 1030 2820 -
1065 2779 1110 2836 20

132 2872 240 2936 Refert
255 2897 335 2958 ergo,
352 2877 416 2957 quis
428 2877 495 2935 ltaeo
511 2876 617 2934 eadem
634 2886 735 2954 paret:
760 2874 789 2932 in
804 2873 907 2935 Rutilo
922 2892 992 2938 nam
1081 2887 1085 2894 '
1106 2885 1110 2896 '

132 2975 268 3040 Luxuria
283 2993 348 3056 est;
371 2979 399 3037 in
416 2975 553 3038 Ventidio
567 2975 714 3042 laudabile
730 2999 843 3052 nomen

133 3081 240 3158 Sumit,
257 3094 286 3143 et
301 3101 318 3143 a
333 3079 551 3158 censusamam
565 3083 661 3144 trahit.
705 3081 793 3144 Illum
808 3103 865 3165 ego
875 3084 944 3168 jure
975 3132 977 3142 s
1003 3145 1006 3150 .

132 3185 317 3265 Despiciam,
334 3188 383 3268 qui
398 3189 462 3261 scit,
479 3187 587 3268 quantd
603 3187 751 3248 sublimior
768 3185 851 3248 Atlas

134 3287 280 3350 Omnibus
295 3288 324 3350 in
340 3288 439 3372 Libye
453 3290 489 3352 sit
503 3291 671 3369 montibus3
689 3291 742 3358 ¹hic
757 3304 857 3353 tamen
872 3293 953 3356 idem
1066 3301 1110 3358 25

133 3392 262 3475 Ignoret,
279 3395 422 3477 quantiam
438 3394 546 3458 serrare
560 3395 646 3458 distet
662 3397 698 3458 ab
715 3395 785 3458 arod

136 3495 290 3561 Saeculus.
336 3498 365 3561 Ε
381 3501 459 3564 coelo
475 3501 742 3565 descenditardet
755 3503 876 3573 σεαυτὸν,
