2534 4022
109 369 130 426 2
423 365 456 416 D.
472 367 565 418 JUNlI
581 368 770 419 JUVENALIS

108 511 151 576 Et
165 535 219 578 nos
230 535 301 598 ergo
316 536 436 578 manum
451 515 554 578 ferulae
572 517 777 592 subduximus,
792 529 823 580 et
836 537 891 579 nos
1047 514 1086 572 15

105 614 270 680 Consilium
287 619 425 683 dedimus
441 620 540 697 Sullae,
557 622 687 704 privatus
701 635 734 684 ut
749 621 840 684 altum

107 720 269 786 Dormiret.
317 725 412 788 Stulta
427 739 471 789 est
484 727 651 802 clementia,
667 747 759 810 quum
774 739 817 790 tot
830 725 940 808 ubique

107 823 232 891 Vatibus
246 851 396 906 occurras,
413 829 547 914 p'en'turae
567 851 691 914 parcere
706 833 826 894 chartae.

153 930 218 996 Cur
232 947 331 996 tamen
348 936 405 998 hoc
421 937 517 1020 potius
531 937 621 998 libeat
635 936 794 998 decurrere
809 955 928 1017 campo,

110 1038 172 1100 Per
188 1059 276 1121 quem
290 1061 413 1123 magnus
429 1061 523 1123 equos
538 1041 687 1102 Auruncae
703 1039 785 1102 flexit
800 1039 946 1112 alumnus,
1042 1039 1087 1098 20

110 1141 143 1204 Si
159 1158 255 1219 vacat,
272 1159 301 1206 et
315 1145 422 1228 placidi
438 1146 581 1236 rationem
598 1145 757 1220 admittitis,
772 1145 873 1206 edam.

109 1245 212 1320 Quum
229 1261 313 1310 tener
329 1271 454 1312 uxorem
470 1250 561 1312 ducat
576 1250 679 1332 spado,
694 1248 801 1312 lllaevia
821 1247 957 1312 Tuscum

110 1349 198 1434 Figat
212 1375 326 1436 aprum,
342 1369 371 1416 et
387 1353 468 1418 nuda
483 1368 583 1418 teneat
598 1353 744 1416 venabula
758 1352 911 1430 mammla3

109 1457 254 1520 Patricius
268 1481 372 1522 omnes
389 1461 496 1542 opibus
512 1481 603 1543 quum
619 1473 763 1542 provocet
777 1481 862 1533 unus,

111 1561 183 1635 Quo
197 1564 338 1625 tondente
353 1564 449 1646 gravis
458 1564 562 1647 juveni
578 1563 649 1624 mibi
663 1562 755 1624 barba
770 1563 892 1624 sonabat
905 1585 914 1640 3
1045 1566 1088 1622 25

112 1664 215 1740 Quum
232 1689 300 1750 pars
315 1667 438 1730 Niliacae
455 1668 558 1750 plebis,
575 1688 666 1750 quum
681 1687 772 1728 verna
787 1665 906 1749 Canopi

112 1770 277 1855 Crispinus,
291 1771 401 1853 Tyrias
416 1773 541 1834 humero
556 1785 715 1834 revocante
729 1771 874 1846 lacernae,

110 1874 242 1938 Ventilet
257 1877 389 1938 aestivrun
405 1877 500 1959 digitis
516 1877 687 1938 sudantibus
703 1896 817 1950 aurum,

113 1980 182 2044 Nec
198 1983 320 2044 sufferre
337 1995 424 2064 queat
439 1981 558 2065 majoris
573 1981 703 2064 pondera
719 2001 866 2062 gammae3

112 2088 243 2150 Difficile
259 2102 304 2150 est
320 2087 446 2149 Satiram
462 2109 520 2149 non
536 2087 676 2149 scribere.
721 2086 803 2150 Nam
819 2087 882 2169 quis
899 2086 1002 2169 iniquae
1049 2091 1090 2147 30

112 2191 193 2254 Tam
210 2193 323 2274 patiens
339 2192 427 2266 urbis,
443 2205 504 2252 tarn
519 2189 642 2264 serreuS,
658 2203 690 2250 ut
704 2204 805 2252 teneat
819 2212 862 2264 se,

115 2294 269 2359 Causidici
285 2317 359 2357 nova
376 2315 467 2376 quum
483 2294 580 2356 veniat
593 2293 700 2356 lectica
714 2292 865 2356 Mathonis

117 2400 214 2462 Plena
225 2399 314 2483 ipso?
337 2399 497 2482 posthunc
513 2399 611 2480 magni
627 2398 740 2460 delator
755 2397 853 2473 amici,

117 2505 161 2567 Et
175 2505 234 2567 citb
249 2518 384 2587 rapturus
400 2504 438 2566 de
454 2503 603 2565 nobilitate
618 2501 750 2576 comesis,

119 2607 212 2682 Quod
239 2621 384 2692 superest,
411 2628 500 2690 quern
527 2603 628 2670 Massa
651 2606 744 2682 timet,
769 2605 859 2688 quern
884 2627 1007 2670 munere
1031 2609 1092 2691 pal-

250 2729 300 2801 pat
1053 2716 1093 2772 35

118 2818 227 2896 Carus,
243 2835 273 2882 et
288 2845 305 2883 a
319 2820 435 2903 trepido
449 2817 599 2902 Thymele
616 2820 761 2882 submissa
775 2817 885 2880 Latino
897 2817 955 2879 ἓ-

164 2924 248 2997 Quid
264 2923 402 2999 referam,
419 2923 529 3006 quantia
544 2924 657 2986 siccum
667 2923 756 3005 jecur
772 2922 875 2985 ardeat
889 2921 942 2994 ira,

121 3029 226 3104 Quum
242 3029 383 3110 populum
399 3027 536 3110 gregibus
550 3025 692 3089 comitum
708 3027 813 3111 premit
827 3026 875 3089 hic
890 3026 1028 3110 spoliator

124 3133 232 3216 Pupilli
249 3131 428 3216 prostantis?
452 3145 482 3194 et
496 3131 544 3193 hic
560 3132 717 3194 damnatus
732 3130 810 3192 inani

124 3237 244 3299 Judicio
262 3235 346 3320 (quid
360 3237 440 3298 enim
456 3236 542 3297 salvis
556 3234 676 3297 infamia
691 3235 819 3297 nummis
830 3233 859 3318 ἓ)
1057 3239 1098 3294 40

126 3341 226 3404 Exsul
240 3341 276 3402 ab
291 3339 397 3402 octavia
412 3338 526 3400 Marius
541 3339 621 3413 bibit,
638 3352 667 3400 et
682 3337 784 3400 lruitur
799 3337 845 3401 dis

125 3445 231 3522 lratis;
254 3457 284 3506 at
297 3458 338 3520 tu,
354 3443 459 3506 victrix
475 3443 634 3526 provincia,
650 3441 771 3525 ploras?

173 3547 251 3612 Haec
266 3569 322 3632 ego
337 3570 396 3612 non
412 3547 534 3611 credam
548 3545 702 3612 Venusinb
718 3547 806 3628 digna
819 3547 962 3612 lucernb?
