2532 4008
102 351 144 414 00
411 343 444 392 n.
461 339 761 392 rururrurnurcrs

103 491 146 558 Et
158 492 263 556 nimios
277 491 419 573 poscebat
432 509 516 572 opes,
531 507 690 553 numerose
703 486 826 570 perabat
1016 489 1078 552 105

87 633 89 640 ,
105 593 244 660 Excelse
260 595 345 658 turris
359 592 498 668 tabulatu,
514 591 594 654 unde
609 591 691 654 citior
705 604 796 654 esset·

104 697 213 775 Casus,
229 711 258 761 et
272 697 404 780 impulse
419 715 558 779 preceps
571 696 702 758 immane
717 695 817 759 ruine.

102 802 186 878 Quid
200 801 343 892 Crassos,
352 801 422 883 quid
437 799 600 883 Pompeios
615 800 740 896 erprtit?
763 798 898 874 stillum,

101 907 152 970 Ad
167 927 220 970 sue
235 907 284 990 qui
300 905 426 968 domitos
441 902 566 966 deduxit
580 903 673 986 flagra
687 901 844 978 Quirites?

103 1009 246 1076 Summus
259 1031 368 1093 nempe
382 1009 466 1072 locus
480 1007 560 1072 nullb
573 1029 631 1070 non
648 1020 710 1070 arte
725 1007 832 1089 petitus
1017 1010 1079 1068 110

101 1113 273 1197 Magnaque
287 1112 454 1177 numinibus
469 1125 536 1174 vota
551 1111 690 1174 exaudita
704 1110 849 1194 malignis.

101 1218 152 1282 Ad
167 1238 311 1302 generum
325 1214 448 1280 Cereris
463 1215 524 1278 sine
539 1213 623 1276 cede
639 1227 670 1277 et
683 1215 804 1278 vulnere
818 1214 907 1298 pauci
924 1265 931 1274 .

103 1321 301 1386 Descendunt
313 1341 409 1403 reges,
425 1334 455 1384 et
469 1319 550 1384 sicce
563 1334 658 1382 morte
674 1319 799 1403 tyranni.

146 1425 309 1508 Eloquium
324 1445 360 1487 ec
374 1423 486 1487 fernum
499 1424 714 1488 Demosthenis
729 1437 779 1486 aut
794 1421 951 1486 Ciceronis

102 1529 208 1613 incipit
222 1543 334 1611 optare,
350 1540 380 1588 et
393 1527 460 1589 totis
474 1526 707 1608 Quinquatribus
720 1541 811 1608 optet,
1016 1531 1078 1590 115

104 1631 247 1713 Quisquis
262 1631 360 1694 adbuc
375 1651 435 1692 uuo
449 1643 564 1712 parturn
578 1630 650 1694 colit
664 1649 729 1692 asse
745 1629 923 1708 Minervam,

104 1733 208 1808 Quem
222 1733 352 1817 sequitur
367 1746 465 1796 custos
480 1748 609 1816 anguste
623 1735 747 1798 vernule
761 1755 870 1819 capse.

104 1839 233 1922 Eloquio
248 1838 302 1900 sed
316 1851 440 1921 uterque
455 1836 530 1921 perit
544 1852 664 1902 orator:
686 1852 844 1924 utrumque

104 1942 223 2027 Largus
238 1958 268 2006 et
282 1944 437 2032 exundans
451 1943 511 2006 leto
526 1941 609 2006 dedit
617 1943 731 2028 ¹ingenii
746 1943 821 2008 sons.
902 1983 910 1996 ·

104 2045 226 2132 Ingenio
241 2069 347 2110 manus
361 2054 406 2110 est
419 2061 451 2110 et
464 2048 568 2112 cervix
582 2070 681 2128 caesa3
702 2069 760 2111 nec
774 2065 905 2131 unquam
1017 2049 1078 2108 120

106 2152 257 2234 Sanguine
272 2151 414 2214 causidici
427 2152 604 2236 maduerunt
619 2164 712 2214 rostra
728 2151 835 2232 pusilli.
1095 2131 1101 2140 ,

106 2254 137 2318 Ο
152 2254 328 2318 fortunatam
341 2269 441 2318 natam
456 2273 505 2318 me
520 2254 641 2318 consule
656 2252 811 2314 Romam!

106 2358 217 2422 Antoni
231 2360 345 2442 gladios
357 2358 451 2441 potuit
464 2371 666 2428 contemnere,
681 2355 706 2417 si
719 2354 763 2416 sic

105 2462 216 2526 Omnis
231 2463 363 2526 dixisset.
408 2459 550 2527 Ridende
564 2460 702 2541 poe'mete
715 2457 805 2534 malo,

106 2565 209 2640 Quen
222 2579 252 2627 te
267 2564 444 2644 conspicue,
460 2562 557 2625 divina
571 2559 748 2644 Philippica,
764 2561 861 2639 seme,
1018 2567 1077 2630 12⁵

105 2667 242 2732 Volveris
256 2689 274 2730 a
288 2663 383 2750 primii
397 2686 462 2750 que
477 2667 623 2751 proxime.
669 2666 773 2732 Serus
788 2667 912 2734 stillum

106 2771 216 2838 Exitus
230 2771 345 2856 eripuit,
361 2792 451 2856 quem
466 2772 645 2846 mirabantur
659 2773 784 2836 Athene

43 2880 51 2892 “
104 2876 295 2950 Torrentem,
311 2887 341 2936 et
354 2876 433 2956 pleni
447 2875 651 2938 moderantem
665 2873 756 2936 sraeus
769 2874 883 2936 theam.

104 2978 163 3042 Dis
176 2978 224 3039 ille
240 2975 371 3040 adversis
384 2975 500 3058 genitus
514 2974 634 3060 satoque
648 2977 773 3054 sinistro,

105 3081 208 3160 Quem
222 3093 307 3164 puter
322 3079 450 3146 ardentis
463 3101 571 3144 maeste
587 3079 706 3164 fuligine
720 3082 817 3166 lippus
1019 3089 1077 3148 130

104 3187 135 3250 Α
148 3186 287 3261 carbone,
304 3197 334 3246 et
347 3183 516 3269 forcipibus,
530 3186 700 3268 gladiosque
715 3197 836 3266 parente

104 3289 228 3365 lncude,
244 3301 276 3350 et
288 3289 368 3350 luteo
382 3286 529 3362 vulcano,
545 3285 583 3350 ud
598 3287 715 3356 rhetora
729 3287 816 3354 misit.
932 3333 941 3350 .

148 3392 303 3457 Bellorum
318 3390 444 3468 exuvie,
460 3390 569 3457 nuans
583 3391 675 3455 affixe
687 3393 804 3477 nopaeis

106 3495 225 3573 lorica,
241 3508 271 3558 et
284 3492 380 3558 srsctb
393 3493 432 3560 de
446 3494 563 3560 conde
577 3495 705 3562 buccula
718 3497 862 3582 pendens,
