2532 4008
554 323 674 375 sarran
691 290 761 375 xiv.
1092 329 1152 388 115
1252 327 1253 406 ᾗ

179 459 256 546 Quis
271 487 367 536 metus
382 486 431 535 aut
443 453 539 556 'pudor
555 488 599 536 est
610 495 739 558 unquam
756 473 937 558 properantis
952 474 1055 536 avari?

178 576 275 639 Vivite
291 578 419 640 contenti
435 579 541 642 casulis
557 592 587 639 et
601 581 724 642 collibus
738 581 808 655 istis,

177 680 206 742 Ο
222 683 314 764 pueri,
330 681 448 742 lllarsus
463 682 581 743 dicebat
596 696 625 742 et
640 682 789 746 Hernicus
804 685 873 746 olim
1092 687 1153 744 180
1253 691 1254 748 l

176 783 374 868 Vestinusque
390 807 483 846 senex
496 807 505 863 3
529 807 636 868 panem
652 807 817 868 queramus
832 803 937 865 aratro,

177 889 238 961 Qui
254 889 323 951 satis
338 904 382 952 est
398 890 527 952 mensis:
550 891 671 953 laudant
685 893 743 954 hoc
758 895 877 955 numina
893 895 976 968 ruris,

177 993 314 1066 Quorum
330 1017 386 1077 ope
403 1010 432 1056 et
447 995 564 1070 auxilio,
579 1009 667 1077 gratae
682 1010 750 1079 post
764 1019 870 1059 munus
885 998 988 1073 aristae,

177 1098 359 1182 Contingunt
374 1100 483 1161 homini
498 1102 605 1163 veteris
620 1100 734 1163 fastidia
750 1103 887 1184 quereris.

177 1203 228 1266 Nil
243 1205 362 1265 vetitum
379 1203 485 1266 secisse
501 1206 588 1279 volet,
605 1227 693 1286 quem
710 1228 767 1268 non
783 1208 875 1287 pudet
890 1208 948 1270 alto
1092 1214 1152 1270 185

177 1306 238 1367 Per
253 1307 377 1388 glaciem
393 1329 503 1389 perone
518 1309 596 1388 tegi3
620 1309 668 1389 qui
684 1309 839 1371 submovet
854 1310 953 1372 Euros

177 1410 310 1472 Pellibus
325 1411 455 1472 inversis.
501 1410 664 1491 Peregrina
679 1411 836 1492 ignotaque
856 1413 939 1474 nobis

176 1515 226 1575 Ad
242 1517 338 1577 scelus
354 1530 440 1596 atque
456 1513 548 1587 nefas,
565 1535 748 1596 quecunque
764 1529 818 1590 est,
831 1537 960 1598 purpura
975 1517 1065 1581 ducit.

220 1619 296 1682 Haec
311 1619 349 1680 illi
365 1633 480 1680 veteres
494 1633 642 1701 praecepta
656 1618 836 1698 minoribus:
860 1635 888 1682 at
903 1643 981 1684 nunc

177 1725 250 1788 Post
266 1726 354 1785 finem
371 1723 500 1785 autumni
517 1723 616 1784 mediat
631 1725 669 1785 de
685 1739 772 1786 nocte
786 1727 939 1808 supinum*
1091 1734 1153 1791 190

177 1829 334 1891 Clarnosus
344 1828 486 1911 juvenem
502 1843 586 1909 pater
601 1830 730 1890 excitat:
754 1830 868 1911 Accipe
884 1852 978 1905 ceraS,

177 1937 292 2012 Scribe,
308 1958 392 2019 puer,
408 1937 503 2018 vigila,
519 1955 624 1996 causas
639 1954 704 2014 age,
721 1934 839 2014 perlege
857 1936 958 1996 rubras

176 2041 326 2123 lllajorum
340 2041 433 2120 leges,
450 2053 499 2099 aut
513 2037 601 2097 vitem
615 2057 708 2117 posce
723 2037 831 2096 libello

178 2145 241 2208 Sed
258 2157 347 2226 caput
361 2143 501 2204 intactum
517 2142 597 2202 buxo
612 2161 756 2222 naresque
771 2141 878 2222 pilosas

177 2250 318 2322 Annotet,
335 2261 364 2308 et
379 2246 506 2328 grandes
523 2245 642 2306 miretur
657 2244 766 2306 Laelius
778 2245 848 2307 alas.
1091 2255 1152 2312 195

176 2354 271 2416 Dirue
289 2352 461 2414 lllaurorurn
477 2350 607 2434 attegias
624 2351 741 2436 castella
757 2349 942 2432 Brigantdm‚

176 2457 219 2518 Ut
233 2457 412 2538 locupletem
428 2456 555 2536 aquilam
569 2455 621 2516 tibi
637 2454 838 2535 sexagesimus
854 2475 946 2515 annus

174 2563 289 2623 Afferat
298 2585 308 2639 3
331 2574 389 2634 aut,
405 2560 506 2640 longos
521 2572 681 2620 castrorum
698 2557 773 2620 serre
789 2557 905 2620 labores

178 2666 211 2727 Si
227 2669 315 2747 piget,
331 2677 361 2724 et
374 2663 521 2744 trepidum
537 2663 650 2722 solvunt
664 2662 714 2722 tibi
729 2681 840 2722 cornua
855 2677 987 2724 ventrem

147 2795 153 2802 ·
178 2770 257 2832 Cum
273 2769 350 2830 lituis
365 2767 474 2841 audita,
491 2786 587 2847 pares,
604 2765 682 2846 quod
698 2765 828 2824 vendere
843 2766 936 2846 possis
1088 2774 1152 2833 200

177 2874 275 2936 Pluris
290 2871 419 2948 dimidio,
436 2891 491 2932 nec
507 2882 536 2931 te
552 2868 664 2932 sastidia
679 2869 786 2930 mercis

176 2976 272 3038 Ullius
287 2976 411 3037 subeant
426 2974 595 3054 ablegandae
611 2973 745 3036 Tiberim
764 2973 834 3034 ultra
849 2995 856 3033 :

177 3083 246 3146 Neu
263 3079 369 3164 credas
384 3078 554 3161 ponendum
570 3076 676 3158 aliquid
694 3075 868 3136 discriminis
883 3077 957 3138 inter

176 3185 335 3266 Unguenta
351 3199 380 3247 et
395 3184 525 3246 corium:
549 3181 622 3244 lucri
638 3181 730 3241 bonus
745 3192 790 3240 est
803 3179 877 3241 odor
892 3201 931 3242 ex
946 3203 979 3243 re

178 3287 329 3359 Qualibet.
374 3287 427 3349 Illa
441 3301 491 3350 tuo
506 3285 648 3348 sententia
663 3303 781 3366 semper
796 3282 824 3343 in
840 3304 891 3344 ore
1085 3296 1150 3353 205

176 3391 330 3465 Versetur,
347 3391 391 3454 dis
406 3407 494 3474 atque
509 3391 572 3473 ipso
586 3388 662 3452 Jove
678 3389 776 3471 digna,
793 3389 890 3467 poe'tae
906 3410 913 3448 :

178 3497 267 3566 Urule
282 3497 401 3572 habeas,
418 3496 518 3580 querit
531 3516 642 3572 nemo;
663 3492 716 3556 sed
731 3503 846 3572 oportet
859 3491 981 3554 habere.
