2532 4008
541 323 751 374 sinnaxrn.
1072 331 1132 389 107

158 465 318 530 Occultum
335 469 480 550 quatiente
496 471 594 536 animo
607 483 715 532 tortore
729 469 900 552 flagellum?
1070 473 1130 532 195

156 569 254 634 Poena
269 585 367 634 autem
383 574 546 636 vehemens
561 594 596 635 ac
611 573 703 636 mutto
719 575 820 636 saevior
835 575 899 649 illis,

155 672 242 746 Quas
257 688 286 738 et
300 675 450 738 Caedicius
465 676 560 758 gravis
574 677 692 751 invenit,
708 691 738 737 et
752 677 1008 752 Rhadamanthus,

154 775 255 840 Nocte
270 780 379 862 dieque
394 801 480 842 sunm
496 793 612 861 gestare
627 780 656 840 in
671 793 792 861 pectore
809 793 925 842 testem.

199 881 345 964 Spartano
360 883 644 964 cuidamrespondit
659 882 767 964 Pythia
782 897 886 944 vates:

155 983 247 1046 Haud
261 985 435 1066 impunitum
447 986 597 1068 qnondam
611 985 685 1062 sore,
702 985 781 1068 quod
797 986 943 1048 dubitaret
1064 991 1128 1048 200

154 1085 331 1168 Depositum
346 1090 483 1164 retinere,
500 1103 530 1150 et
543 1089 679 1151 fraudem
689 1089 757 1172 jure
773 1089 847 1150 tueri

152 1187 306 1252 Jurando:
329 1194 476 1273 quaerebat
492 1193 581 1266 enirn,
598 1213 667 1274 quae
681 1193 807 1254 numinis
822 1206 900 1254 esset

152 1289 251 1366 Mens,
267 1305 297 1352 et
311 1315 348 1354 an
363 1295 421 1354 hoc
435 1295 474 1355 illi
488 1294 601 1356 lacinus
616 1289 753 1355 suaderet
767 1293 901 1376 Apollo?

152 1393 298 1455 Reddidit
313 1417 383 1476 ergo
400 1409 562 1471 metu‚¹non
576 1378 728 1473 moribus;
751 1411 781 1456 ct
795 1409 893 1456 tamen
908 1415 1027 1458 omnem

152 1492 270 1558 Vocem
286 1498 366 1578 adyti
382 1499 499 1579 dignam
513 1500 624 1580 templo
639 1519 799 1580 veramque
814 1499 949 1579 probavit
1058 1503 1122 1562 205

151 1597 325 1662 Exstinctus
339 1600 400 1662 total
414 1602 521 1684 pariter
535 1623 605 1663 cum
620 1603 702 1682 prole
718 1603 878 1685 domoque,

149 1699 202 1776 Et,
218 1704 349 1784 quamvis
363 1703 451 1786 longa
465 1704 599 1768 deductis
613 1719 711 1786 gente,
726 1707 906 1789 propinquis.

149 1802 216 1866 Has
230 1807 336 1887 patitur
350 1829 454 1889 poenas
469 1809 614 1890 peccandi
630 1811 691 1869 sola
706 1811 839 1870 voluntas
856 1833 863 1869 :

147 1907 230 1970 Nam
245 1909 342 1970 scelus
355 1910 430 1970 intra
445 1931 476 1971 se
491 1912 612 1972 tacitum
628 1911 677 1990 qui
692 1912 800 1990 cogitat
815 1912 917 1987 ullum,

147 2009 235 2072 Facti
249 2012 362 2072 crimen
376 2012 475 2071 habet.
522 2011 620 2084 Cedo,
635 2013 659 2072 si
674 2025 779 2072 conata
793 2013 933 2094 peregit?
965 1989 972 2004 ι
1056 2020 1119 2076 210

146 2113 299 2196 Perpetua
315 2114 446 2174 anxietas
460 2134 517 2175 nec
532 2135 643 2196 mensa
657 2127 790 2195 tempore
806 2129 912 2191 cessat,

145 2215 298 2280 Faucibus
312 2231 344 2278 ut
358 2218 462 2279 morbo
475 2217 571 2292 siccis,
587 2218 719 2298 interque
735 2219 861 2280 molares

144 2319 268 2382 Difficili
283 2333 435 2382 crescente
451 2321 538 2382 cibo:
561 2321 613 2382 sed
629 2321 696 2382 vina
709 2321 840 2382 misellus

144 2421 295 2505 Exspuit3
317 2423 425 2484 Albani
439 2423 546 2484 veteris
560 2425 687 2504 pretiosa
701 2437 838 2484 senectus

143 2527 300 2609 Displicet.
347 2525 495 2586 Ostendas
510 2526 625 2600 melius,
641 2526 814 2588 densissima
828 2545 902 2607 ruga
1053 2530 1115 2587 215

143 2627 271 2706 Cogitur
285 2627 313 2685 in
328 2625 464 2698 frontem,
479 2627 558 2686 velut
572 2627 632 2686 acri
647 2629 734 2688 ducta
750 2626 890 2687 Falerno.

141 2731 244 2794 Nocte
259 2730 380 2790 brevem
395 2729 418 2790 si
433 2727 508 2789 sorte
522 2726 640 2788 indulsit
654 2748 724 2788 cura
739 2747 887 2809 soporem,

142 2833 186 2896 Et
201 2846 262 2894 toto
276 2844 390 2892 versata
404 2844 468 2892 toro
478 2830 542 2914 jam
558 2829 692 2891 membra
707 2829 871 2910 quiescunt,

142 2934 293 2999 Continui)
307 2935 494 3015 templumet
507 2934 604 2998 violati
619 2933 744 2995 numinis
759 2953 835 3008 aras,
949 2922 952 2927 ’

141 3039 195 3115 Et,
212 3039 291 3122 quod
306 3037 461 3121 praecipuis
476 3049 606 3097 mentem
622 3036 777 3096 sudoribus
792 3049 885 3116 urget,
1051 3041 1115 3099 220

141 3142 192 3204 Te
207 3143 286 3204 videt
300 3142 330 3204 in
344 3141 470 3204 somnis:
494 3154 544 3202 tua
558 3159 642 3202 sacra
657 3151 687 3200 at
701 3136 794 3220 major
809 3139 907 3222 imago

142 3243 286 3308 Humana
300 3245 395 3306 turbat
408 3243 557 3326 pavidum,
574 3243 710 3324 cogitque
726 3240 820 3303 sateri.

141 3348 186 3411 Hi
201 3361 276 3422 sunt,
292 3347 340 3429 qni
355 3347 509 3428 trepidant,
526 3358 556 3406 et
571 3346 608 3408 ad
623 3345 722 3408 omnia
737 3343 851 3425 fulgura
864 3345 983 3428 pallent,

140 3451 247 3524 Quum
263 3461 352 3526 tonat,
368 3449 520 3513 exanimes
534 3449 630 3532 primo
645 3468 762 3531 quoque
777 3468 927 3510 murmura
942 3445 1032 3519 coeli3
