2534 4022
568 333 689 382 statas
705 331 751 382 IX.

563 597 751 640 ruvnurnrs.

174 681 224 745 Ne
239 682 371 766 trepida:
394 701 544 764 uunquam
559 682 694 765 pathicus
708 682 759 744 tibi
774 681 869 744 deerit
883 679 1007 752 amicus,
1088 678 1147 736 105

176 786 327 850 Stantibus
343 801 373 850 et
387 787 473 850 salvis
486 786 532 850 his
546 785 691 864 collibus3
713 785 843 868 undique
860 784 898 846 ad
913 783 977 846 illos

175 888 372 966 convenient,
384 904 414 952 et
428 890 574 974 carpentis
588 903 619 951 et
632 889 763 965 navibus,
778 909 893 963 omnes,

175 991 238 1067 Qui
253 994 343 1076 digito
358 995 492 1078 scalpunt
505 1017 564 1056 uno
579 1007 679 1078 caput.
711 973 828 1056 'Altera
843 991 936 1076 major

176 1096 254 1181 Spes
269 1111 423 1182 superest:
445 1113 477 1162 tn
491 1099 604 1162 tantirrn
619 1099 716 1165 erucis
727 1098 866 1182 imprime
882 1097 1014 1159 dentem.

563 1327 746 1373 ‚nnvonus

178 1409 255 1473 Haeo
270 1411 408 1494 exempla
423 1422 496 1493 pata
511 1409 664 1473 felicibus:
687 1424 716 1472 at
730 1430 800 1472 mea
813 1407 924 1470 Clotho
1092 1412 1152 1468 lto

178 1512 221 1578 Et
235 1513 381 1578 Lachesis
395 1514 534 1597 gaudent,
547 1515 570 1576 si
585 1514 714 1596 pascitur
728 1513 845 1596 inguine
859 1525 971 1576 venter.

178 1617 209 1682 Ο
223 1619 316 1701 parvi,
330 1619 479 1702 nostrique
494 1618 600 1695 Lares,
616 1639 690 1702 quos
703 1619 790 1682 thure
804 1619 927 1693 minuto,

177 1720 240 1782 Aut
253 1719 341 1797 farre,
356 1737 387 1785 et
400 1723 480 1784 tenui
495 1723 577 1786 soleo
593 1744 718 1786 exorare
733 1722 856 1799 corona,

177 1821 308 1898 Quando
324 1845 380 1908 ego
394 1826 483 1908 figam
499 1826 620 1909 aliquid,
637 1848 696 1908 quo
710 1827 747 1890 sit
760 1827 831 1888 mihi
845 1839 908 1889 tuta
916 1838 1063 1890 senectus
1109 1901 1111 1906 Ι

178 1926 209 1988 A
222 1939 320 2008 tegete
334 1940 365 1989 et
377 1927 507 1990 baculo?
529 1929 629 2010 viginti
644 1929 733 1992 millia
748 1927 845 1993 soenus
1094 1935 1152 1991 115

178 2027 355 2112 Pignoribns
368 2030 480 2111 positis,
496 2031 609 2112 argenti
622 2033 742 2092 vascula
756 2033 832 2112 puri,

180 2130 245 2215 Sed
260 2151 324 2214 quae
339 2129 494 2194 Fabricius
508 2152 614 2194 censor
628 2145 719 2208 notet,
734 2146 765 2196 et
780 2133 840 2196 duo
854 2131 944 2198 fortes

179 2234 231 2298 De
246 2255 336 2318 grege
351 2234 528 2312 Moesorum,
545 2236 594 2319 qui
610 2257 658 2298 me
672 2237 791 2300 cervice
807 2237 905 2300 locati,

181 2338 329 2402 Securum
338 2338 462 2422 jubeant
476 2340 608 2404 clamoso
622 2341 755 2407 insistere
771 2341 874 2406 Circo.
908 2409 912 2416 ,

181 2441 227 2504 Sit
241 2443 312 2505 mihi
326 2456 470 2525 preterea
485 2465 593 2506 curvus
607 2445 735 2520 celator,
751 2459 780 2507 et
795 2447 879 2522 alter,
1096 2454 1156 2510 120

181 2545 245 2620 Qui
260 2548 369 2612 multas
380 2545 473 2610 facies
487 2547 588 2630 pingat
601 2547 680 2610 cito:
702 2550 849 2613 sufficiunt
863 2551 942 2628 haec,

181 2649 313 2722 Quando
328 2669 385 2730 ego
399 2670 512 2731 pauper
527 2671 590 2714 ero.
634 2652 744 2714 Votum
761 2655 938 2731 miserabile,
953 2677 1011 2718 nec
1027 2678 1095 2742 spes

164 2751 242 2817 -His
256 2751 380 2816 saltem:
404 2773 483 2828 nam,
500 2773 591 2836 qunrn
607 2774 660 2836 pro
674 2776 724 2816 me
741 2754 872 2820 Fortuna
888 2770 1016 2842 rogatur,

182 2858 286 2942 Affigit
300 2877 389 2920 ceras
403 2854 453 2920 illt
466 2857 505 2919 de
520 2879 596 2920 nave
610 2860 726 2942 petitas,

183 2961 261 3037 Qua
278 2960 394 3027 Siculos
409 2973 513 3026 cantus
528 2962 630 3046 effugit
643 2964 757 3048 remigo
771 2965 872 3030 surdo.
1101 2972 1161 3030 125
