2534 4022
142 352 182 412 ⁵2
448 351 481 398 n.
497 351 590 400 sunu
606 349 796 398 unanime

139 494 230 561 Hunc
246 517 351 560 sexum
367 511 398 559 et
410 497 491 560 rabie
501 498 589 582 jecur
604 496 780 560 incendente
796 495 926 559 seruntur
1048 499 1109 556 525

138 601 333 684 Pracipites3
355 615 386 662 ut
401 623 473 664 saxa
483 601 562 685 jugis
577 603 708 685 abrupta,
724 601 829 684 quibus
843 621 928 664 mons

139 705 334 782 Subtrahitur,
349 705 484 789 clivoque
499 707 574 768 latus
589 707 738 789 pendente
753 705 877 768 recedit.

181 809 266 872 Illam
281 831 337 892 ego
352 832 410 872 non
425 811 552 886 tulerim,
568 833 633 893 qnae
648 823 808 892 computat,
825 824 855 870 et
869 809 965 871 scelus
980 809 1081 890 ingens

142 913 225 976 Sana
239 913 317 977 facit.
364 915 508 998 Spectant
523 916 698 977 subeuntem
714 913 773 976 sata
788 913 881 976 mariti

137 1023 291 1100 Moesum,
307 1037 347 1100 et,
362 1025 462 1088 similis
477 1027 499 1089 si
516 1027 691 1108 permutatio
706 1025 802 1099 detur,
1047 1026 1110 1083 530

136 1127 236 1192 Morte
250 1129 304 1190 viri
317 1129 439 1211 cupient
454 1129 581 1192 animam
597 1149 715 1206 servare
730 1129 853 1191 catellae.

138 1232 307 1296 Occurrent
322 1233 419 1295 multa
434 1233 485 1296 tibi
500 1233 624 1296 Belides
638 1247 725 1316 atque
741 1232 897 1316 Eriphylae

137 1336 249 1399 Mania:
272 1335 529 1422 Clytaemnestram
545 1338 640 1400 nullus
654 1359 713 1399 non
727 1338 810 1400 vicus
823 1338 953 1401 habebit.

137 1439 207 1505 Hoc
222 1442 335 1506 tanturn
350 1440 449 1518 resert,
466 1442 545 1525 qnbd
560 1442 711 1525 Tyndaris
726 1443 772 1504 illa
787 1442 948 1525 bipennem

136 1545 280 1608 Insulsam
296 1559 326 1607 et
339 1545 450 1608 fatuam
466 1547 573 1608 dextri
587 1546 718 1628 laequue
733 1547 863 1609 tenebat.
945 1537 947 1540 ⁵
1044 1549 1107 1608 535

137 1651 179 1712 At
192 1671 271 1712 nunc
285 1671 334 1712 res
348 1650 442 1732 agitur
456 1650 536 1712 tenui
550 1650 690 1732 pulmone
706 1651 815 1714 rubetae
828 1674 839 1728 3

138 1753 202 1816 Sed
217 1767 316 1816 tamen
331 1767 361 1816 et
375 1752 464 1829 ferro,
480 1755 502 1816 si
518 1755 706 1837 praegustabit
719 1755 841 1818 Atrides
914 1839 918 1845 Ι

139 1858 265 1922 Pontica
279 1872 323 1922 ter
337 1859 405 1922 victi
420 1873 523 1923 cautus
539 1859 737 1924 medicamina
752 1860 839 1942 regis.
