<?xml version="1.0" encoding="UTF-8"?>
<!DOCTYPE html PUBLIC "-//W3C//DTD XHTML 1.0 Transitional//EN"
    "http://www.w3.org/TR/xhtml1/DTD/xhtml1-transitional.dtd">
<html xmlns="http://www.w3.org/1999/xhtml" xml:lang="en" lang="en">
 <head>
  <title>
</title>
<meta http-equiv="Content-Type" content="text/html;charset=utf-8" />
  <meta name='ocr-system' content='tesseract 3.04.00' />
  <meta name='ocr-capabilities' content='ocr_page ocr_carea ocr_par ocr_line ocrx_word'/>
</head>
<body>
  <div class='ocr_page' id='page_1' title='image "./djuniijuvenalis09juvegoog_0120.png"; bbox 0 0 2532 4008; ppageno 0'>
   <div class='ocr_carea' id='block_1_1' title="bbox 558 329 766 382">
    <p class='ocr_par' dir='ltr' id='par_1_1' title="bbox 558 329 766 382">
     <span class='ocr_line' id='line_1_1' title="bbox 558 329 766 382; baseline 0 -2"><span class='ocrx_word' id='word_1_1' title='bbox 558 329 681 382; x_wconf 71' lang='lat' dir='ltr'><strong>slsum</strong></span> <span class='ocrx_word' id='word_1_2' title='bbox 694 329 766 382; x_wconf 78' lang='lat' dir='ltr'>XIV.</span> 
     </span>
    </p>
   </div>
   <div class='ocr_carea' id='block_1_2' title="bbox 84 476 1152 3475">
    <p class='ocr_par' dir='ltr' id='par_1_2' title="bbox 84 476 901 563">
     <span class='ocr_line' id='line_1_2' title="bbox 84 476 901 563; baseline 0.004 -22"><span class='ocrx_word' id='word_1_3' title='bbox 84 483 92 494; x_wconf 84' lang='lat'><em>&#39;</em></span> <span class='ocrx_word' id='word_1_4' title='bbox 173 476 286 542; x_wconf 90' lang='lat' dir='ltr'><strong>Incude</strong></span> <span class='ocrx_word' id='word_1_5' title='bbox 302 476 428 556; x_wconf 68' lang='lat' dir='ltr'><strong>assidui,</strong></span> <span class='ocrx_word' id='word_1_6' title='bbox 444 499 621 563; x_wconf 83' lang='lat' dir='ltr'><strong>semperque</strong></span> <span class='ocrx_word' id='word_1_7' title='bbox 637 481 759 542; x_wconf 84' lang='lat' dir='ltr'>ardente</span> <span class='ocrx_word' id='word_1_8' title='bbox 774 480 901 544; x_wconf 81' lang='lat' dir='ltr'><strong>camino·</strong></span> 
     </span>
    </p>

    <p class='ocr_par' dir='ltr' id='par_1_3' title="bbox 175 580 860 666">
     <span class='ocr_line' id='line_1_3' title="bbox 175 580 860 666; baseline 0.004 -21"><span class='ocrx_word' id='word_1_9' title='bbox 175 580 219 645; x_wconf 89' lang='lat' dir='ltr'><strong>Et</strong></span> <span class='ocrx_word' id='word_1_10' title='bbox 232 597 315 666; x_wconf 90' lang='lat' dir='ltr'><strong>pater</strong></span> <span class='ocrx_word' id='word_1_11' title='bbox 330 605 400 666; x_wconf 86' lang='lat' dir='ltr'><strong>ergo</strong></span> <span class='ocrx_word' id='word_1_12' title='bbox 415 585 503 648; x_wconf 81' lang='lat' dir='ltr'><strong>animi</strong></span> <span class='ocrx_word' id='word_1_13' title='bbox 519 583 622 648; x_wconf 83' lang='lat' dir='ltr'><strong>felices</strong></span> <span class='ocrx_word' id='word_1_14' title='bbox 635 585 731 648; x_wconf 90' lang='lat' dir='ltr'><strong>credit</strong></span> <span class='ocrx_word' id='word_1_15' title='bbox 746 605 860 660; x_wconf 75' lang='lat' dir='ltr'><strong>avarm,</strong></span> 
     </span>
    </p>

    <p class='ocr_par' dir='ltr' id='par_1_4' title="bbox 175 685 1152 875">
     <span class='ocr_line' id='line_1_4' title="bbox 176 685 1152 771; baseline -0.002 -22"><span class='ocrx_word' id='word_1_16' title='bbox 176 685 240 760; x_wconf 81' lang='lat' dir='ltr'><strong>Qui</strong></span> <span class='ocrx_word' id='word_1_17' title='bbox 253 689 374 750; x_wconf 90' lang='lat' dir='ltr'><strong>miratur</strong></span> <span class='ocrx_word' id='word_1_18' title='bbox 388 709 472 771; x_wconf 83' lang='lat' dir='ltr'><strong>opes,</strong></span> <span class='ocrx_word' id='word_1_19' title='bbox 486 689 537 770; x_wconf 87' lang='lat' dir='ltr'><strong>&#39;qui</strong></span> <span class='ocrx_word' id='word_1_20' title='bbox 552 688 631 750; x_wconf 90' lang='lat' dir='ltr'><strong>nulla</strong></span> <span class='ocrx_word' id='word_1_21' title='bbox 646 689 783 770; x_wconf 84' lang='lat' dir='ltr'><strong>exempla</strong></span> <span class='ocrx_word' id='word_1_22' title='bbox 799 689 876 752; x_wconf 89' lang='lat' dir='ltr'><strong>beati</strong></span> <span class='ocrx_word' id='word_1_23' title='bbox 1091 691 1152 748; x_wconf 80' lang='lat'><strong>120</strong></span> 
     </span>
     <span class='ocr_line' id='line_1_5' title="bbox 175 789 957 875; baseline 0.006 -23"><span class='ocrx_word' id='word_1_24' title='bbox 175 789 321 874; x_wconf 85' lang='lat' dir='ltr'><strong>Pauperis</strong></span> <span class='ocrx_word' id='word_1_25' title='bbox 335 813 401 854; x_wconf 90' lang='lat' dir='ltr'><strong>esse</strong></span> <span class='ocrx_word' id='word_1_26' title='bbox 416 805 519 874; x_wconf 86' lang='lat' dir='ltr'><strong>putat:</strong></span> <span class='ocrx_word' id='word_1_27' title='bbox 536 791 663 875; x_wconf 87' lang='lat' dir='ltr'><strong>juvenes</strong></span> <span class='ocrx_word' id='word_1_28' title='bbox 676 793 816 868; x_wconf 83' lang='lat' dir='ltr'><strong>hortatur,</strong></span> <span class='ocrx_word' id='word_1_29' title='bbox 832 805 865 854; x_wconf 92' lang='lat' dir='ltr'><strong>ut</strong></span> <span class='ocrx_word' id='word_1_30' title='bbox 877 793 957 858; x_wconf 93' lang='lat' dir='ltr'><strong>illam</strong></span> 
     </span>
    </p>

    <p class='ocr_par' dir='ltr' id='par_1_5' title="bbox 175 892 957 979">
     <span class='ocr_line' id='line_1_6' title="bbox 175 892 957 979; baseline 0.006 -24"><span class='ocrx_word' id='word_1_31' title='bbox 175 892 224 956; x_wconf 90' lang='lat' dir='ltr'><strong>Ire</strong></span> <span class='ocrx_word' id='word_1_32' title='bbox 239 895 317 957; x_wconf 88' lang='lat' dir='ltr'><strong>viam</strong></span> <span class='ocrx_word' id='word_1_33' title='bbox 331 910 464 979; x_wconf 82' lang='lat' dir='ltr'><strong>pergant,</strong></span> <span class='ocrx_word' id='word_1_34' title='bbox 480 909 510 958; x_wconf 91' lang='lat' dir='ltr'><strong>et</strong></span> <span class='ocrx_word' id='word_1_35' title='bbox 524 896 623 959; x_wconf 88' lang='lat' dir='ltr'><strong>eidem</strong></span> <span class='ocrx_word' id='word_1_36' title='bbox 639 897 812 961; x_wconf 83' lang='lat' dir='ltr'><strong>incumbere</strong></span> <span class='ocrx_word' id='word_1_37' title='bbox 827 909 927 968; x_wconf 71' lang='lat' dir='ltr'><strong>secte,</strong></span> <span class='ocrx_word' id='word_1_38' title='bbox 955 943 957 953; x_wconf 40' lang='lat'>1</span> 
     </span>
    </p>

    <p class='ocr_par' dir='ltr' id='par_1_6' title="bbox 176 995 1040 1188">
     <span class='ocr_line' id='line_1_7' title="bbox 176 995 1040 1085; baseline 0.008 -26"><span class='ocrx_word' id='word_1_39' title='bbox 176 995 254 1060; x_wconf 86' lang='lat' dir='ltr'><strong>Sunt</strong></span> <span class='ocrx_word' id='word_1_40' title='bbox 269 1001 409 1082; x_wconf 77' lang='lat' dir='ltr'><strong>quaedam</strong></span> <span class='ocrx_word' id='word_1_41' title='bbox 423 1001 557 1064; x_wconf 89' lang='lat' dir='ltr'><strong>vitiorum</strong></span> <span class='ocrx_word' id='word_1_42' title='bbox 573 1001 740 1066; x_wconf 87' lang='lat' dir='ltr'><strong>elementa:</strong></span> <span class='ocrx_word' id='word_1_43' title='bbox 763 1002 808 1064; x_wconf 92' lang='lat' dir='ltr'><strong>bis</strong></span> <span class='ocrx_word' id='word_1_44' title='bbox 822 1014 962 1085; x_wconf 86' lang='lat' dir='ltr'><strong>protenus</strong></span> <span class='ocrx_word' id='word_1_45' title='bbox 976 1001 1040 1066; x_wconf 89' lang='lat' dir='ltr'><strong>illos</strong></span> 
     </span>
     <span class='ocr_line' id='line_1_8' title="bbox 176 1101 862 1188; baseline 0.006 -24"><span class='ocrx_word' id='word_1_46' title='bbox 176 1101 293 1180; x_wconf 84' lang='lat' dir='ltr'><strong>Imbuit‚</strong></span> <span class='ocrx_word' id='word_1_47' title='bbox 310 1118 341 1166; x_wconf 90' lang='lat' dir='ltr'><strong>et</strong></span> <span class='ocrx_word' id='word_1_48' title='bbox 355 1106 433 1188; x_wconf 82' lang='lat' dir='ltr'><strong>cogit</strong></span> <span class='ocrx_word' id='word_1_49' title='bbox 447 1105 583 1169; x_wconf 89' lang='lat' dir='ltr'><strong>minimas</strong></span> <span class='ocrx_word' id='word_1_50' title='bbox 597 1107 732 1168; x_wconf 87' lang='lat' dir='ltr'><strong>ediscere</strong></span> <span class='ocrx_word' id='word_1_51' title='bbox 748 1107 862 1170; x_wconf 84' lang='lat' dir='ltr'><strong>sordes.</strong></span> 
     </span>
    </p>

    <p class='ocr_par' dir='ltr' id='par_1_7' title="bbox 176 1204 1150 1396">
     <span class='ocr_line' id='line_1_9' title="bbox 176 1204 1150 1291; baseline 0.004 -22"><span class='ocrx_word' id='word_1_52' title='bbox 176 1204 253 1270; x_wconf 82' lang='lat' dir='ltr'><strong>Mox</strong></span> <span class='ocrx_word' id='word_1_53' title='bbox 269 1210 439 1291; x_wconf 86' lang='lat' dir='ltr'><strong>acquirendi</strong></span> <span class='ocrx_word' id='word_1_54' title='bbox 455 1211 544 1277; x_wconf 91' lang='lat' dir='ltr'><strong>docet</strong></span> <span class='ocrx_word' id='word_1_55' title='bbox 558 1211 720 1274; x_wconf 81' lang='lat' dir='ltr'><strong>insatiabile</strong></span> <span class='ocrx_word' id='word_1_56' title='bbox 734 1225 847 1274; x_wconf 88' lang='lat' dir='ltr'><strong>votum.</strong></span> <span class='ocrx_word' id='word_1_57' title='bbox 1090 1215 1150 1274; x_wconf 74' lang='lat'><strong>125</strong></span> 
     </span>
     <span class='ocr_line' id='line_1_10' title="bbox 177 1307 848 1396; baseline 0.009 -24"><span class='ocrx_word' id='word_1_58' title='bbox 177 1307 339 1374; x_wconf 87' lang='lat' dir='ltr'><strong>Servorum</strong></span> <span class='ocrx_word' id='word_1_59' title='bbox 353 1325 470 1377; x_wconf 89' lang='lat' dir='ltr'><strong>ventres</strong></span> <span class='ocrx_word' id='word_1_60' title='bbox 485 1315 586 1378; x_wconf 89' lang='lat' dir='ltr'><strong>modio</strong></span> <span class='ocrx_word' id='word_1_61' title='bbox 601 1315 724 1396; x_wconf 82' lang='lat' dir='ltr'><strong>castigat</strong></span> <span class='ocrx_word' id='word_1_62' title='bbox 738 1315 848 1396; x_wconf 88' lang='lat' dir='ltr'><strong>iniquo,</strong></span> 
     </span>
    </p>

    <p class='ocr_par' dir='ltr' id='par_1_8' title="bbox 175 1411 1150 1604">
     <span class='ocr_line' id='line_1_11' title="bbox 175 1411 1150 1502; baseline 0.006 -28"><span class='ocrx_word' id='word_1_63' title='bbox 175 1411 378 1499; x_wconf 80' lang='lat' dir='ltr'><strong>Ipsequoque</strong></span> <span class='ocrx_word' id='word_1_64' title='bbox 394 1418 545 1480; x_wconf 84' lang='lat' dir='ltr'><strong>esuriens:</strong></span> <span class='ocrx_word' id='word_1_65' title='bbox 567 1439 665 1500; x_wconf 89' lang='lat' dir='ltr'><strong>neque</strong></span> <span class='ocrx_word' id='word_1_66' title='bbox 681 1418 760 1480; x_wconf 90' lang='lat' dir='ltr'><strong>enim</strong></span> <span class='ocrx_word' id='word_1_67' title='bbox 775 1419 873 1481; x_wconf 85' lang='lat' dir='ltr'><strong>omnia</strong></span> <span class='ocrx_word' id='word_1_68' title='bbox 885 1419 1010 1486; x_wconf 85' lang='lat' dir='ltr'><strong>sustinet</strong></span> <span class='ocrx_word' id='word_1_69' title='bbox 1020 1437 1150 1502; x_wconf 88' lang='lat' dir='ltr'><strong>unquam</strong></span> 
     </span>
     <span class='ocr_line' id='line_1_12' title="bbox 176 1515 837 1604; baseline 0.011 -26"><span class='ocrx_word' id='word_1_70' title='bbox 176 1515 301 1580; x_wconf 92' lang='lat' dir='ltr'><strong>Mucida</strong></span> <span class='ocrx_word' id='word_1_71' title='bbox 316 1521 432 1582; x_wconf 77' lang='lat' dir='ltr'><strong>caerulei</strong></span> <span class='ocrx_word' id='word_1_72' title='bbox 447 1521 530 1604; x_wconf 88' lang='lat' dir='ltr'><strong>panis</strong></span> <span class='ocrx_word' id='word_1_73' title='bbox 545 1543 721 1586; x_wconf 87' lang='lat' dir='ltr'><strong>consumere</strong></span> <span class='ocrx_word' id='word_1_74' title='bbox 736 1520 837 1598; x_wconf 80' lang='lat' dir='ltr'><strong>frusta,</strong></span> 
     </span>
    </p>

    <p class='ocr_par' dir='ltr' id='par_1_9' title="bbox 176 1618 859 1692">
     <span class='ocr_line' id='line_1_13' title="bbox 176 1618 859 1692; baseline 0.009 -9"><span class='ocrx_word' id='word_1_75' title='bbox 176 1618 360 1688; x_wconf 86' lang='lat' dir='ltr'><strong>Hesternum</strong></span> <span class='ocrx_word' id='word_1_76' title='bbox 374 1626 475 1688; x_wconf 91' lang='lat' dir='ltr'><strong>solitus</strong></span> <span class='ocrx_word' id='word_1_77' title='bbox 490 1626 589 1689; x_wconf 91' lang='lat' dir='ltr'><strong>medio</strong></span> <span class='ocrx_word' id='word_1_78' title='bbox 604 1647 722 1692; x_wconf 87' lang='lat' dir='ltr'><strong>servare</strong></span> <span class='ocrx_word' id='word_1_79' title='bbox 737 1628 859 1690; x_wconf 88' lang='lat' dir='ltr'><strong>minutal</strong></span> 
     </span>
    </p>

    <p class='ocr_par' dir='ltr' id='par_1_10' title="bbox 163 1724 1152 1920">
     <span class='ocr_line' id='line_1_14' title="bbox 163 1724 1152 1816; baseline 0.006 -28"><span class='ocrx_word' id='word_1_80' title='bbox 163 1724 356 1810; x_wconf 71' lang='lat' dir='ltr'><strong>¹Septembri,</strong></span> <span class='ocrx_word' id='word_1_81' title='bbox 371 1752 428 1794; x_wconf 89' lang='lat' dir='ltr'><strong>nec</strong></span> <span class='ocrx_word' id='word_1_82' title='bbox 443 1753 502 1794; x_wconf 93' lang='lat' dir='ltr'><strong>non</strong></span> <span class='ocrx_word' id='word_1_83' title='bbox 517 1731 636 1796; x_wconf 89' lang='lat' dir='ltr'><strong>differre</strong></span> <span class='ocrx_word' id='word_1_84' title='bbox 649 1733 678 1794; x_wconf 92' lang='lat' dir='ltr'><strong>in</strong></span> <span class='ocrx_word' id='word_1_85' title='bbox 694 1746 828 1816; x_wconf 88' lang='lat' dir='ltr'><strong>tempora</strong></span> <span class='ocrx_word' id='word_1_86' title='bbox 843 1753 936 1796; x_wconf 82' lang='lat' dir='ltr'><strong>coenae</strong></span> <span class='ocrx_word' id='word_1_87' title='bbox 1094 1737 1152 1794; x_wconf 85' lang='grc'><strong>130</strong></span> 
     </span>
     <span class='ocr_line' id='line_1_15' title="bbox 176 1832 914 1920; baseline 0.009 -27"><span class='ocrx_word' id='word_1_88' title='bbox 176 1832 306 1896; x_wconf 89' lang='lat' dir='ltr'><strong>Alterius</strong></span> <span class='ocrx_word' id='word_1_89' title='bbox 320 1835 468 1908; x_wconf 80' lang='lat' dir='ltr'><strong>conchem</strong></span> <span class='ocrx_word' id='word_1_90' title='bbox 484 1836 613 1900; x_wconf 86' lang='lat' dir='ltr'><strong>aestivam</strong></span> <span class='ocrx_word' id='word_1_91' title='bbox 629 1857 698 1898; x_wconf 88' lang='lat' dir='ltr'><strong>cum</strong></span> <span class='ocrx_word' id='word_1_92' title='bbox 714 1851 797 1920; x_wconf 89' lang='lat' dir='ltr'><strong>parte</strong></span> <span class='ocrx_word' id='word_1_93' title='bbox 811 1838 914 1900; x_wconf 82' lang='lat' dir='ltr'><strong>lacerti</strong></span> 
     </span>
    </p>

    <p class='ocr_par' dir='ltr' id='par_1_11' title="bbox 89 1934 807 2022">
     <span class='ocr_line' id='line_1_16' title="bbox 89 1934 807 2022; baseline 0.004 -22"><span class='ocrx_word' id='word_1_94' title='bbox 89 1991 93 2000; x_wconf 91' lang='lat'>.</span> <span class='ocrx_word' id='word_1_95' title='bbox 179 1934 341 2020; x_wconf 80' lang='lat' dir='ltr'><strong>Signatum,</strong></span> <span class='ocrx_word' id='word_1_96' title='bbox 357 1941 404 2002; x_wconf 91' lang='lat' dir='ltr'><strong>vel</strong></span> <span class='ocrx_word' id='word_1_97' title='bbox 420 1940 541 2003; x_wconf 89' lang='lat' dir='ltr'><strong>dimidio</strong></span> <span class='ocrx_word' id='word_1_98' title='bbox 557 1941 693 2022; x_wconf 85' lang='lat' dir='ltr'><strong>putrique</strong></span> <span class='ocrx_word' id='word_1_99' title='bbox 708 1941 807 2016; x_wconf 88' lang='lat' dir='ltr'><strong>siluro,</strong></span> 
     </span>
    </p>

    <p class='ocr_par' dir='ltr' id='par_1_12' title="bbox 177 2037 861 2124">
     <span class='ocr_line' id='line_1_17' title="bbox 177 2037 861 2124; baseline 0 -24"><span class='ocrx_word' id='word_1_100' title='bbox 177 2037 304 2124; x_wconf 83' lang='lat' dir='ltr'><strong>Filaque</strong></span> <span class='ocrx_word' id='word_1_101' title='bbox 320 2043 421 2104; x_wconf 90' lang='lat' dir='ltr'><strong>sectivi</strong></span> <span class='ocrx_word' id='word_1_102' title='bbox 435 2057 590 2104; x_wconf 87' lang='lat' dir='ltr'><strong>numerata</strong></span> <span class='ocrx_word' id='word_1_103' title='bbox 605 2039 756 2104; x_wconf 78' lang='lat' dir='ltr'><strong>includere</strong></span> <span class='ocrx_word' id='word_1_104' title='bbox 771 2046 861 2124; x_wconf 90' lang='lat' dir='ltr'><strong>porri.</strong></span> 
     </span>
    </p>

    <p class='ocr_par' dir='ltr' id='par_1_13' title="bbox 176 2141 870 2228">
     <span class='ocr_line' id='line_1_18' title="bbox 176 2141 870 2228; baseline 0.006 -24"><span class='ocrx_word' id='word_1_105' title='bbox 176 2141 317 2207; x_wconf 87' lang='lat' dir='ltr'><strong>Invitatus</strong></span> <span class='ocrx_word' id='word_1_106' title='bbox 332 2146 370 2206; x_wconf 94' lang='lat' dir='ltr'><strong>ad</strong></span> <span class='ocrx_word' id='word_1_107' title='bbox 386 2146 449 2208; x_wconf 88' lang='lat' dir='ltr'><strong>haec</strong></span> <span class='ocrx_word' id='word_1_108' title='bbox 465 2145 567 2228; x_wconf 91' lang='lat' dir='ltr'><strong>aliquis</strong></span> <span class='ocrx_word' id='word_1_109' title='bbox 583 2146 621 2207; x_wconf 91' lang='lat' dir='ltr'><strong>de</strong></span> <span class='ocrx_word' id='word_1_110' title='bbox 636 2159 725 2227; x_wconf 89' lang='lat' dir='ltr'><strong>ponte</strong></span> <span class='ocrx_word' id='word_1_111' title='bbox 740 2148 870 2228; x_wconf 86' lang='lat' dir='ltr'><strong>negabit.</strong></span> 
     </span>
    </p>

    <p class='ocr_par' dir='ltr' id='par_1_14' title="bbox 175 2245 1150 2540">
     <span class='ocr_line' id='line_1_19' title="bbox 179 2245 1150 2332; baseline 0.006 -22"><span class='ocrx_word' id='word_1_112' title='bbox 179 2245 242 2310; x_wconf 87' lang='lat' dir='ltr'><strong>Sed</strong></span> <span class='ocrx_word' id='word_1_113' title='bbox 258 2247 316 2331; x_wconf 82' lang='lat' dir='ltr'><strong>qud</strong></span> <span class='ocrx_word' id='word_1_114' title='bbox 332 2249 445 2312; x_wconf 89' lang='lat' dir='ltr'><strong>divitias</strong></span> <span class='ocrx_word' id='word_1_115' title='bbox 459 2250 527 2312; x_wconf 77' lang='lat' dir='ltr'><strong>haec</strong></span> <span class='ocrx_word' id='word_1_116' title='bbox 542 2271 596 2332; x_wconf 91' lang='lat' dir='ltr'><strong>per</strong></span> <span class='ocrx_word' id='word_1_117' title='bbox 610 2263 755 2313; x_wconf 89' lang='lat' dir='ltr'><strong>torrnenta</strong></span> <span class='ocrx_word' id='word_1_118' title='bbox 769 2266 899 2328; x_wconf 89' lang='lat' dir='ltr'><strong>coactas,</strong></span> <span class='ocrx_word' id='word_1_119' title='bbox 1090 2259 1150 2316; x_wconf 80' lang='lat'><strong>185</strong></span> 
     </span>
     <span class='ocr_line' id='line_1_20' title="bbox 176 2350 1107 2441; baseline 0.011 -29"><span class='ocrx_word' id='word_1_120' title='bbox 176 2350 280 2424; x_wconf 83' lang='lat' dir='ltr'><strong>Quum</strong></span> <span class='ocrx_word' id='word_1_121' title='bbox 296 2351 376 2416; x_wconf 86' lang='lat' dir='ltr'><strong>luror</strong></span> <span class='ocrx_word' id='word_1_122' title='bbox 390 2355 469 2418; x_wconf 87' lang='lat' dir='ltr'><strong>haud</strong></span> <span class='ocrx_word' id='word_1_123' title='bbox 485 2354 604 2430; x_wconf 90' lang='lat' dir='ltr'><strong>dubius,</strong></span> <span class='ocrx_word' id='word_1_124' title='bbox 620 2376 712 2437; x_wconf 85' lang='lat' dir='ltr'><strong>quum</strong></span> <span class='ocrx_word' id='word_1_125' title='bbox 727 2357 763 2418; x_wconf 89' lang='lat' dir='ltr'><strong>sit</strong></span> <span class='ocrx_word' id='word_1_126' title='bbox 776 2357 930 2422; x_wconf 81' lang='lat' dir='ltr'><strong>manifesta</strong></span> <span class='ocrx_word' id='word_1_127' title='bbox 944 2357 1107 2441; x_wconf 85' lang='lat' dir='ltr'><strong>phrenesis,</strong></span> 
     </span>
     <span class='ocr_line' id='line_1_21' title="bbox 175 2455 861 2540; baseline 0.009 -24"><span class='ocrx_word' id='word_1_128' title='bbox 175 2455 220 2518; x_wconf 92' lang='lat' dir='ltr'><strong>Ut</strong></span> <span class='ocrx_word' id='word_1_129' title='bbox 233 2455 364 2540; x_wconf 89' lang='lat' dir='ltr'><strong>locuples</strong></span> <span class='ocrx_word' id='word_1_130' title='bbox 379 2459 520 2533; x_wconf 84' lang='lat' dir='ltr'><strong>moriaris,</strong></span> <span class='ocrx_word' id='word_1_131' title='bbox 537 2459 650 2540; x_wconf 84' lang='lat' dir='ltr'><strong>egentis</strong></span> <span class='ocrx_word' id='word_1_132' title='bbox 663 2460 763 2521; x_wconf 87' lang='lat' dir='ltr'><strong>vivere</strong></span> <span class='ocrx_word' id='word_1_133' title='bbox 778 2458 861 2525; x_wconf 84' lang='lat' dir='ltr'><strong>sato?</strong></span> 
     </span>
    </p>

    <p class='ocr_par' dir='ltr' id='par_1_15' title="bbox 176 2559 841 2644">
     <span class='ocr_line' id='line_1_22' title="bbox 176 2559 841 2644; baseline 0.008 -23"><span class='ocrx_word' id='word_1_134' title='bbox 176 2559 294 2623; x_wconf 86' lang='lat' dir='ltr'><strong>Interea</strong></span> <span class='ocrx_word' id='word_1_135' title='bbox 308 2562 396 2642; x_wconf 89' lang='lat' dir='ltr'><strong>pleno</strong></span> <span class='ocrx_word' id='word_1_136' title='bbox 412 2583 502 2644; x_wconf 90' lang='lat' dir='ltr'><strong>quum</strong></span> <span class='ocrx_word' id='word_1_137' title='bbox 517 2575 613 2644; x_wconf 86' lang='lat' dir='ltr'><strong>turget</strong></span> <span class='ocrx_word' id='word_1_138' title='bbox 628 2563 765 2626; x_wconf 89' lang='lat' dir='ltr'><strong>sacculus</strong></span> <span class='ocrx_word' id='word_1_139' title='bbox 779 2584 841 2639; x_wconf 89' lang='lat' dir='ltr'><strong>ore,</strong></span> 
     </span>
    </p>

    <p class='ocr_par' dir='ltr' id='par_1_16' title="bbox 178 2663 1035 2748">
     <span class='ocr_line' id='line_1_23' title="bbox 178 2663 1035 2748; baseline 0.006 -22"><span class='ocrx_word' id='word_1_140' title='bbox 178 2663 298 2726; x_wconf 88' lang='lat' dir='ltr'><strong>Crescit</strong></span> <span class='ocrx_word' id='word_1_141' title='bbox 313 2686 395 2726; x_wconf 91' lang='lat' dir='ltr'><strong>amor</strong></span> <span class='ocrx_word' id='word_1_142' title='bbox 410 2666 532 2739; x_wconf 87' lang='lat' dir='ltr'><strong>nummi,</strong></span> <span class='ocrx_word' id='word_1_143' title='bbox 549 2666 689 2745; x_wconf 81' lang='lat' dir='ltr'><strong>quantdm</strong></span> <span class='ocrx_word' id='word_1_144' title='bbox 704 2667 768 2746; x_wconf 91' lang='lat' dir='ltr'><strong>ipsa</strong></span> <span class='ocrx_word' id='word_1_145' title='bbox 782 2669 909 2748; x_wconf 81' lang='lat' dir='ltr'><strong>pecunia</strong></span> <span class='ocrx_word' id='word_1_146' title='bbox 925 2670 1035 2747; x_wconf 82' lang='lat' dir='ltr'><strong>crevit3</strong></span> 
     </span>
    </p>

    <p class='ocr_par' dir='ltr' id='par_1_17' title="bbox 178 2767 1150 2955">
     <span class='ocr_line' id='line_1_24' title="bbox 178 2767 1150 2853; baseline 0.004 -22"><span class='ocrx_word' id='word_1_147' title='bbox 178 2767 221 2832; x_wconf 88' lang='lat' dir='ltr'><strong>Et</strong></span> <span class='ocrx_word' id='word_1_148' title='bbox 235 2768 331 2830; x_wconf 85' lang='lat' dir='ltr'><strong>minbs</strong></span> <span class='ocrx_word' id='word_1_149' title='bbox 346 2769 422 2830; x_wconf 91' lang='lat' dir='ltr'><strong>hanc</strong></span> <span class='ocrx_word' id='word_1_150' title='bbox 437 2781 528 2851; x_wconf 88' lang='lat' dir='ltr'><strong>optat,</strong></span> <span class='ocrx_word' id='word_1_151' title='bbox 544 2767 593 2849; x_wconf 89' lang='lat' dir='ltr'><strong>qui</strong></span> <span class='ocrx_word' id='word_1_152' title='bbox 608 2768 791 2830; x_wconf 85' lang='lat' dir='ltr'><strong>nonhabet:</strong></span> <span class='ocrx_word' id='word_1_153' title='bbox 814 2789 885 2852; x_wconf 82' lang='lat' dir='ltr'><strong>ergo</strong></span> <span class='ocrx_word' id='word_1_154' title='bbox 899 2784 1018 2853; x_wconf 87' lang='lat' dir='ltr'><strong>paratur</strong></span> <span class='ocrx_word' id='word_1_155' title='bbox 1090 2780 1150 2836; x_wconf 84' lang='lat'><strong>140</strong></span> 
     </span>
     <span class='ocr_line' id='line_1_25' title="bbox 178 2873 919 2955; baseline 0 -19"><span class='ocrx_word' id='word_1_156' title='bbox 178 2875 282 2937; x_wconf 83' lang='lat' dir='ltr'><strong>Altera</strong></span> <span class='ocrx_word' id='word_1_157' title='bbox 295 2875 361 2936; x_wconf 88' lang='lat' dir='ltr'><strong>villa</strong></span> <span class='ocrx_word' id='word_1_158' title='bbox 376 2873 436 2948; x_wconf 86' lang='lat' dir='ltr'><strong>tibi,</strong></span> <span class='ocrx_word' id='word_1_159' title='bbox 453 2893 543 2955; x_wconf 90' lang='lat' dir='ltr'><strong>quum</strong></span> <span class='ocrx_word' id='word_1_160' title='bbox 559 2893 608 2934; x_wconf 92' lang='lat' dir='ltr'><strong>rus</strong></span> <span class='ocrx_word' id='word_1_161' title='bbox 623 2893 680 2932; x_wconf 89' lang='lat' dir='ltr'><strong>non</strong></span> <span class='ocrx_word' id='word_1_162' title='bbox 696 2873 803 2934; x_wconf 86' lang='lat' dir='ltr'><strong>sufficit</strong></span> <span class='ocrx_word' id='word_1_163' title='bbox 817 2895 919 2950; x_wconf 89' lang='lat' dir='ltr'><strong>unum,</strong></span> 
     </span>
    </p>

    <p class='ocr_par' dir='ltr' id='par_1_18' title="bbox 178 2975 865 3061">
     <span class='ocr_line' id='line_1_26' title="bbox 178 2975 865 3061; baseline 0.001 -20"><span class='ocrx_word' id='word_1_164' title='bbox 178 2978 222 3041; x_wconf 85' lang='lat' dir='ltr'><strong>Et</strong></span> <span class='ocrx_word' id='word_1_165' title='bbox 236 2977 368 3061; x_wconf 86' lang='lat' dir='ltr'><strong>proferre</strong></span> <span class='ocrx_word' id='word_1_166' title='bbox 382 2977 453 3040; x_wconf 86' lang='lat' dir='ltr'><strong>libet</strong></span> <span class='ocrx_word' id='word_1_167' title='bbox 467 2977 562 3054; x_wconf 86' lang='lat' dir='ltr'><strong>lines;</strong></span> <span class='ocrx_word' id='word_1_168' title='bbox 584 2975 735 3059; x_wconf 87' lang='lat' dir='ltr'><strong>majorque</strong></span> <span class='ocrx_word' id='word_1_169' title='bbox 750 2978 865 3042; x_wconf 89' lang='lat' dir='ltr'><strong>videtur</strong></span> 
     </span>
    </p>

    <p class='ocr_par' dir='ltr' id='par_1_19' title="bbox 179 3080 922 3161">
     <span class='ocr_line' id='line_1_27' title="bbox 179 3080 922 3161; baseline -0.004 -14"><span class='ocrx_word' id='word_1_170' title='bbox 179 3083 222 3146; x_wconf 87' lang='lat' dir='ltr'><strong>Et</strong></span> <span class='ocrx_word' id='word_1_171' title='bbox 236 3083 339 3146; x_wconf 89' lang='lat' dir='ltr'><strong>melior</strong></span> <span class='ocrx_word' id='word_1_172' title='bbox 353 3081 449 3144; x_wconf 91' lang='lat' dir='ltr'><strong>vicina</strong></span> <span class='ocrx_word' id='word_1_173' title='bbox 464 3100 571 3161; x_wconf 82' lang='lat' dir='ltr'><strong>seges:</strong></span> <span class='ocrx_word' id='word_1_174' title='bbox 593 3080 734 3140; x_wconf 90' lang='lat' dir='ltr'><strong>mercaris</strong></span> <span class='ocrx_word' id='word_1_175' title='bbox 744 3093 779 3158; x_wconf 82' lang='lat' dir='ltr'><strong>et</strong></span> <span class='ocrx_word' id='word_1_176' title='bbox 789 3081 877 3158; x_wconf 88' lang='lat' dir='ltr'><strong>hanc,</strong></span> <span class='ocrx_word' id='word_1_177' title='bbox 892 3097 922 3146; x_wconf 92' lang='lat' dir='ltr'><strong>et</strong></span> 
     </span>
    </p>

    <p class='ocr_par' dir='ltr' id='par_1_20' title="bbox 179 3182 888 3265">
     <span class='ocr_line' id='line_1_28' title="bbox 179 3182 888 3265; baseline -0.003 -15"><span class='ocrx_word' id='word_1_178' title='bbox 179 3189 319 3262; x_wconf 89' lang='lat' dir='ltr'><strong>Arbusta,</strong></span> <span class='ocrx_word' id='word_1_179' title='bbox 335 3201 365 3248; x_wconf 92' lang='lat' dir='ltr'><strong>et</strong></span> <span class='ocrx_word' id='word_1_180' title='bbox 379 3183 472 3248; x_wconf 70' lang='lat' dir='ltr'><strong>densa</strong></span> <span class='ocrx_word' id='word_1_181' title='bbox 487 3196 619 3246; x_wconf 87' lang='lat' dir='ltr'><strong>montem</strong></span> <span class='ocrx_word' id='word_1_182' title='bbox 634 3182 683 3265; x_wconf 90' lang='lat' dir='ltr'><strong>qui</strong></span> <span class='ocrx_word' id='word_1_183' title='bbox 699 3197 787 3246; x_wconf 89' lang='lat' dir='ltr'><strong>canet</strong></span> <span class='ocrx_word' id='word_1_184' title='bbox 800 3184 888 3248; x_wconf 68' lang='lat' dir='ltr'><strong>olivi.</strong></span> 
     </span>
    </p>

    <p class='ocr_par' dir='ltr' id='par_1_21' title="bbox 180 3287 1150 3475">
     <span class='ocr_line' id='line_1_29' title="bbox 180 3287 1150 3372; baseline 0.008 -21"><span class='ocrx_word' id='word_1_185' title='bbox 180 3289 319 3364; x_wconf 84' lang='lat' dir='ltr'><strong>Quorum</strong></span> <span class='ocrx_word' id='word_1_186' title='bbox 333 3291 356 3351; x_wconf 90' lang='lat' dir='ltr'><strong>si</strong></span> <span class='ocrx_word' id='word_1_187' title='bbox 371 3290 464 3372; x_wconf 88' lang='lat' dir='ltr'><strong>pretio</strong></span> <span class='ocrx_word' id='word_1_188' title='bbox 479 3287 616 3350; x_wconf 91' lang='lat' dir='ltr'><strong>dominus</strong></span> <span class='ocrx_word' id='word_1_189' title='bbox 630 3309 689 3349; x_wconf 95' lang='lat' dir='ltr'><strong>non</strong></span> <span class='ocrx_word' id='word_1_190' title='bbox 703 3288 827 3354; x_wconf 88' lang='lat' dir='ltr'><strong>vincitur</strong></span> <span class='ocrx_word' id='word_1_191' title='bbox 842 3291 910 3368; x_wconf 91' lang='lat' dir='ltr'><strong>ullo,</strong></span> <span class='ocrx_word' id='word_1_192' title='bbox 1091 3304 1150 3360; x_wconf 77' lang='lat'><strong>145</strong></span> 
     </span>
     <span class='ocr_line' id='line_1_30' title="bbox 180 3391 886 3475; baseline -0.001 -17"><span class='ocrx_word' id='word_1_193' title='bbox 180 3393 281 3458; x_wconf 85' lang='lat' dir='ltr'><strong>Nocte</strong></span> <span class='ocrx_word' id='word_1_194' title='bbox 296 3393 387 3456; x_wconf 86' lang='lat' dir='ltr'><strong>boves</strong></span> <span class='ocrx_word' id='word_1_195' title='bbox 400 3393 492 3456; x_wconf 88' lang='lat' dir='ltr'><strong>macri</strong></span> <span class='ocrx_word' id='word_1_196' title='bbox 506 3393 642 3475; x_wconf 86' lang='lat' dir='ltr'><strong>lassoque</strong></span> <span class='ocrx_word' id='word_1_197' title='bbox 657 3391 793 3456; x_wconf 85' lang='lat' dir='ltr'><strong>famelica</strong></span> <span class='ocrx_word' id='word_1_198' title='bbox 808 3395 886 3458; x_wconf 94' lang='lat' dir='ltr'><strong>collo</strong></span> 
     </span>
    </p>
   </div>
   <div class='ocr_carea' id='block_1_3' title="bbox 179 3495 897 3642">
    <p class='ocr_par' dir='ltr' id='par_1_22' title="bbox 179 3495 897 3642">
     <span class='ocr_line' id='line_1_31' title="bbox 179 3495 897 3642; baseline 0.001 -81"><span class='ocrx_word' id='word_1_199' title='bbox 179 3500 199 3561; x_wconf 89' lang='lat' dir='ltr'>J</span> <span class='ocrx_word' id='word_1_200' title='bbox 201 3511 320 3563; x_wconf 90' lang='lat' dir='ltr'><strong>umenta</strong></span> <span class='ocrx_word' id='word_1_201' title='bbox 335 3495 372 3560; x_wconf 87' lang='lat' dir='ltr'><strong>ad</strong></span> <span class='ocrx_word' id='word_1_202' title='bbox 387 3497 497 3562; x_wconf 71' lang='lat' dir='ltr'><strong>virides,</strong></span> <span class='ocrx_word' id='word_1_203' title='bbox 508 3497 596 3642; x_wconf 65' lang='lat' dir='ltr'><strong>hpjpp</strong></span> <span class='ocrx_word' id='word_1_204' title='bbox 610 3497 758 3562; x_wconf 86' lang='lat' dir='ltr'><strong>mittentur</strong></span> <span class='ocrx_word' id='word_1_205' title='bbox 773 3499 897 3576; x_wconf 87' lang='lat' dir='ltr'><strong>aristas;</strong></span> 
     </span>
    </p>
   </div>
   <div class='ocr_carea' id='block_1_4' title="bbox 0 0 1274 4008">
    <p class='ocr_par' dir='ltr' id='par_1_23' title="bbox 0 0 1274 4008">
     <span class='ocr_line' id='line_1_32' title="bbox 0 0 1274 4008; baseline 0 0"><span class='ocrx_word' id='word_1_206' title='bbox 0 0 1274 4008; x_wconf 95' lang='lat' dir='ltr'><strong> </strong></span> 
     </span>
    </p>
   </div>
  </div>
 </body>
</html>
