2532 4008
554 332 675 381 SATIRA
691 332 761 380 XIV.

168 477 246 542 'Sed
262 479 345 565 cujus
360 479 433 542 votis
448 480 538 542 modb
553 503 613 543 non
628 481 785 546 suffecerat
801 499 915 554 aurum,

115 579 125 588 ²
182 583 274 658 Quod
290 585 403 668 Tagus,
420 597 449 646 et
463 586 548 648 rutili
561 587 650 648 volvit
664 586 806 650 Pactolus
821 583 920 659 arenti,

182 686 302 770 Frigida
319 690 463 750 sufficient
478 689 609 751 velantes
623 690 740 770 inguina
755 690 853 771 panni,
1094 689 1157 746 300
1178 683 1180 689 ⁴

180 791 377 876 Exiguusque
392 795 486 870 cibus,
502 793 601 858 mersa
614 807 678 856 rate
692 793 851 875 naufragus
867 813 963 856 assem

180 895 264 957 Dum
279 909 371 978 rogat,
387 910 417 958 et
431 897 510 978 pictai
524 920 556 960 se
571 911 747 980 tempestate
763 911 870 960 tuetur.

180 997 286 1061 Tantis
300 1013 383 1082 parta
399 1001 482 1062 malis
497 1003 570 1062 curri
584 1001 697 1084 majore
711 1013 855 1083 'metuque

180 1101 350 1166 Servantur.
395 1104 508 1167 Misera
523 1121 567 1168 est
581 1107 679 1189 magni
694 1107 827 1168 custodia
843 1103 960 1170 ceneris.

221 1207 378 1290 Dispositis
393 1211 538 1290 praedives
553 1211 648 1272 hamis
662 1211 782 1290 vigilare
798 1211 951 1270 cohortem
1092 1213 1153 1269 305

144 1317 155 1334 ¹
179 1309 337 1372 Servorum
351 1326 439 1374 noctu
456 1312 578 1374 Licinus
587 1314 683 1396 jubet,
699 1314 835 1375 attonitus
850 1334 903 1393 pro

73 1447 75 1454 v
178 1413 311 1490 Electro,
327 1415 473 1498 signisque
490 1417 558 1491 suis,
575 1415 764 1500 Phrygiaque
780 1415 929 1490 columna,

177 1517 276 1601 Atque
292 1520 391 1595 ebore,
408 1533 437 1580 et
451 1519 510 1580 latai
525 1521 680 1582 testudine.
726 1519 816 1581 Delia
830 1519 901 1581 nudi

109 1600 117 1610 .
177 1621 248 1684 Non
265 1624 367 1684 ardent
382 1623 510 1706 Cynici:
533 1625 556 1686 si
571 1623 702 1706 fregeris,
719 1624 809 1686 altera
823 1625 874 1686 fiet

177 1723 254 1787 Cras
269 1727 383 1802 domus,
400 1742 449 1789 aut
465 1729 572 1790 eadem
588 1713 708 1810 plumbo
724 1729 882 1792 commissa
897 1721 1035 1792 manebit.
1089 1734 1151 1790 310

178 1829 277 1892 Sensit
291 1831 473 1908 Alexander,
489 1833 564 1895 testa
579 1854 669 1914 quum
685 1833 755 1892 vidit
769 1833 798 1892 in
814 1832 863 1892 illa
953 1880 955 1888 .
1037 1817 1044 1822 ”

176 1932 320 2016 Magnum
336 1936 539 2010 habitatorem,
556 1936 665 2017 quanto
680 1935 791 1996 felicior
807 1936 864 2010 hic,
881 1939 930 2016 qui

176 2037 228 2099 Nil
243 2053 375 2117 cuperet,
392 2040 480 2120 quam
497 2039 544 2120 qui
560 2053 652 2100 totum
668 2039 719 2099 sibi
736 2051 871 2126 posceret
887 2040 1000 2115 orbem,

175 2140 322 2203 Passurus
337 2143 425 2224 gestis
441 2143 582 2224 aequanda
598 2143 728 2226 pericula
743 2145 841 2206 rebus

174 2244 297 2307 Nullum
313 2268 421 2308 numen
437 2247 538 2323 habes
555 2249 578 2310 si
593 2249 629 2310 sit
642 2248 815 2330 prudentia:
840 2263 947 2324 noste,
966 2281 970 2284 ·
1088 2253 1150 2314 315

174 2348 240 2411 Nos
256 2349 387 2426 facimus,
404 2350 545 2428 Fortuna,
562 2353 672 2414 Deam.
718 2353 861 2415 Mensura
876 2368 975 2416 tamen
991 2374 1055 2436 quae

175 2453 309 2516 Sufficiat
324 2455 441 2531 censriS,
457 2457 479 2517 si
496 2457 560 2538 quis
576 2477 623 2516 me
639 2458 782 2531 consulat,
798 2457 907 2516 edam:

172 2557 207 2618 In
223 2575 363 2640 quantum
380 2559 439 2620 sitis
454 2573 540 2640 atque
556 2559 650 2621 fames
665 2572 695 2621 et
709 2559 815 2642 frigora
831 2575 966 2642 poscunt,

175 2659 340 2736 Quantum,
357 2659 500 2741 Epicure,
516 2661 565 2721 tibi
581 2663 675 2742 parvis
691 2664 806 2722 suffecit
821 2664 848 2722 in
865 2665 964 2736 hortis,

174 2761 327 2836 Quantum
345 2764 487 2836 Socratici
504 2777 647 2846 ceperunt
661 2765 726 2826 ante
743 2765 885 2828 Penates.
1088 2773 1150 2830 320

173 2867 336 2949 Nunquam
353 2869 431 2930 aliud
447 2867 572 2944 Natura,
588 2870 665 2930 aliud
683 2869 834 2952 Sapientia
855 2870 934 2931 dicit.

173 2973 301 3034 Acribus
317 2973 461 3053 exemplis
476 2973 577 3033 videor
591 2986 621 3033 te
636 2973 786 3034 claudere.
833 2973 929 3036 Misce

173 3077 256 3159 Ergo
272 3075 379 3159 aliquid
394 3075 499 3138 nostris
514 3075 552 3136 de
568 3075 719 3137 moribus:
743 3077 829 3138 effice
845 3099 1003 3154 summam,

173 3179 228 3241 Bis
244 3194 358 3262 septem
374 3180 523 3242 ordinibus
538 3201 625 3263 quam
642 3180 692 3241 lex
708 3181 843 3262 dignatur
858 3182 994 3246 Othonis.

134 3299 138 3306 ·
175 3281 256 3342 Haec
273 3303 389 3363 quoque
404 3284 427 3344 si
442 3305 546 3364 rugam
561 3283 656 3359 trahit,
673 3284 866 3368 extenditque
882 3287 1030 3363 labellum,
1087 3293 1148 3350 325

173 3387 269 3448 Sume
286 3385 361 3446 duos
376 3387 497 3468 equites,
514 3386 561 3448 fac
576 3388 659 3450 tertia
676 3388 898 3470 quadringenta.

175 3490 207 3552 Si
223 3489 355 3553 nondum
370 3490 489 3572 implevi
504 3492 659 3572 gremium,
675 3492 698 3554 si
714 3491 850 3574 panditur
864 3493 956 3554 ultre:
