2532 4008
118 337 159 398 φο
428 332 461 382 n.
477 331 571 386 sumt
584 331 777 388 autunum
847 339 851 348 ·

79 511 82 518 ·
119 480 183 546 Sed
197 479 317 542 laudem
331 479 449 563 siliquas
462 481 599 546 occultus
610 501 726 562 ὅπως
747 479 846 563 panus

119 584 232 648 Coram
248 583 310 645 aliis
326 583 436 646 dictem
454 605 557 666 puero,
570 585 624 647 ssd
639 585 668 646 iu
684 584 935 666 sareptanum.

117 689 150 752 N
151 709 209 764 arn,
222 709 312 771 quum
325 688 364 752 sis
378 689 502 750 conviva
517 688 588 753 mihi
603 689 776 770 prndium,
791 686 914 752 habebis

117 791 302 868 Evandrum,
317 793 417 856 venies
431 791 615 874 Tirynthius,
631 807 681 856 aut
696 793 791 856 minor
806 791 855 860 itan

118 895 248 979 Hospes,
265 910 295 958 et
309 897 371 980 ipse
386 909 488 960 tamnu
502 897 675 980 contingens
686 897 826 980 sanguine
839 894 977 972 offiium

116 1000 200 1063 Alter
208 1001 307 1082 aquis,
323 1002 397 1064 alter
410 1000 538 1068 dammis
553 1001 591 1063 ad
607 1001 704 1067 sideru
720 1001 837 1077 mis-susa

5 1179 6 1182 Ἴ
117 1102 247 1166 Fercula
262 1126 341 1166 nunc
357 1105 426 1169 audi
442 1105 527 1171 nullis
539 1119 643 1171 ornata
656 1105 798 1170 macellis.

72 1217 81 1230 “
116 1207 166 1275 De
182 1207 338 1271 Tiburtino
353 1209 451 1272 veniat
465 1209 671 1297 pinguissimus
686 1231 756 1292 agno

117 1310 275 1388 Haedulus,
291 1326 321 1376 et
334 1326 395 1376 toto
408 1333 500 1396 grege
515 1313 639 1390 mollior,
654 1313 763 1378 inscius
776 1313 888 1390 herba,

115 1416 256 1479 Necdum
274 1439 360 1480 ausus
375 1417 471 1500 virgas
486 1417 603 1482 humilis
618 1419 755 1484 mordere
771 1417 875 1493 salicti,

116 1519 178 1594 Qui
194 1521 258 1603 plus
272 1521 356 1588 lactis
371 1521 469 1596 habet,
485 1521 573 1604 quiun
589 1523 756 1604 sauguinis5
778 1535 808 1584 st
822 1520 953 1592 montani
1008 1579 1010 1584 .

115 1625 269 1706 Asparagi,
285 1625 379 1707 posito
395 1645 469 1706 qnos
483 1625 554 1708 legit
569 1625 664 1688 villica
679 1625 756 1690 suso.

116 1727 247 1790 Grandia
263 1743 410 1811 praeterea
424 1742 558 1813 tortoque
573 1731 700 1794 calentia
715 1729 795 1794 [ωηο

115 1833 182 1896 Ova
198 1833 302 1896 adsunt
317 1833 386 1916 ipsis
400 1855 470 1898 cum
486 1834 637 1912 matribus,
653 1849 683 1898 et
697 1847 820 1912 servam

116 1937 205 2000 Parte
220 1937 296 2013 anni,
313 1938 414 2020 quales
428 1936 543 2002 fuerant
556 1939 586 2000 in
602 1939 717 2016 vitibus,
733 1961 796 2004 uvae
812 1961 820 2004 s

115 2042 268 2125 Signinum
285 2042 464 2126 Syriumque
477 2065 597 2126 pyrum,
613 2043 652 2114 de
667 2045 805 2111 corbibus
818 2042 915 2108 isdem

113 2147 236 2208 AEmuia
251 2146 371 2209 Picenis
386 2161 416 2209 et
430 2148 529 2213 odoris
544 2149 621 2213 mala
637 2149 775 2224 recentis,

114 2250 183 2314 Nec
199 2250 358 2312 metuenda
373 2251 433 2326 tibi,
450 2252 592 2314 siccatum
607 2248 715 2330 frigore
730 2263 887 2331 postquam

113 2353 297 2418 Autumnum
313 2368 343 2416 et
357 2355 440 2418 crudi
456 2353 580 2436 posuisse
597 2351 729 2435 pericula
743 2352 838 2416 succi.

114 2459 190 2522 Haec
206 2460 276 2523 olim
292 2459 380 2521 nostri
390 2457 453 2542 jam
470 2456 619 2523 luxuriosa
634 2455 753 2521 senarias

112 2565 211 2627 Coena
226 2562 288 2622 suit.
335 2561 454 2634 Curius,
470 2581 561 2646 paruo
576 2581 640 2642 que
655 2561 767 2644 legerat
781 2560 877 2637 horto,

111 2667 179 2751 Ipse
195 2663 269 2728 socia
284 2662 421 2726 brevibus
435 2664 564 2748 ponebat
578 2664 721 2742 oluscula,
735 2685 801 2750 quas
817 2685 895 2731 nuuc

113 2770 271 2856 Squalidus
286 2769 314 2832 in
330 2768 438 2851 magnis
452 2768 559 2842 fastidit
574 2771 725 2854 compede¹
737 2769 841 2844 fossor,

112 2873 174 2947 Qui
190 2873 331 2946 meminit,
347 2861 454 2933 calidae
471 2873 564 2953 sapiat
579 2873 649 2954 qnid
664 2873 751 2936 vulva
765 2869 891 2956 popinae.

112 2979 192 3041 Sicci
207 2990 289 3057 terga
303 2975 373 3050 suis,
388 2974 454 3036 rard
469 2975 625 3070 pendentia
640 2988 732 3053 crate,

110 3082 205 3148 Moris
220 3093 283 3142 crat
297 3079 446 3162 quondam
461 3077 541 3146 sestis
556 3101 673 3146 seruare
689 3081 803 3156 diebus,

110 3188 153 3250 Et
166 3185 324 3248 natalitium
340 3185 472 3268 cognatis
488 3206 599 3266 ponere
614 3185 740 3260 lardum,

110 3291 286 3356 Accedente
301 3285 388 3363 novi,
403 3287 427 3349 si
442 3307 530 3367 quana
546 3287 636 3350 dabat
649 3286 754 3366 hostia,
769 3307 871 3356 carne.

110 3396 313 3480 Cognatorum
328 3389 442 3474 aliquis·
458 3389 539 3464 titulo
553 3403 598 3458 ter
612 3391 749 3468 consulis,
766 3405 854 3478 atque

110 3501 283 3565 Castrorum
298 3493 428 3581 imperiis
443 3508 472 3574 et
487 3495 636 3576 dictatoris
650 3495 762 3574 honore
