2534 4022
139 363 182 426 35
457 359 491 408 n.
506 357 601 414 autur
615 355 805 408 munuum

138 509 249 574 Pauca
264 506 343 570 adeb
357 505 479 570 Cereris
493 507 578 571 vittas
592 505 890 590 contingeradignoe,
1065 505 1107 566 4⁵

136 613 273 687 Quarum
289 632 347 674 non
362 612 464 675 timeat
478 625 561 695 pater
574 612 686 675 oscula.
731 611 831 674 Necte
845 626 986 672 coronam

135 715 284 792 Postibus,
299 730 330 779 et
344 715 453 778 densos
467 737 521 800 per
534 715 635 778 limina
649 716 738 780 tende
754 713 923 798 corymbos.

134 818 222 884 Unus
235 820 358 883 lberinae
372 821 415 883 vir
430 819 559 884 sufficit?
603 819 698 884 Ociirs
713 820 785 883 illud

134 923 345 1009 ExtorquebiS,
361 938 392 987 ut
406 926 470 988 baec
484 925 573 988 oculo
587 938 726 989 contenta
740 925 777 988 sit
792 945 862 986 uno.

176 1027 288 1112 Magna
301 1043 401 1092 tamen
416 1029 494 1093 sama
509 1043 553 1093 est
567 1029 722 1115 cujusdam
736 1049 804 1092 rure
818 1041 942 1112 patemo
1063 1029 1104 1087 50

132 1132 275 1196 Viventis.
320 1131 408 1198 Vivat
423 1133 535 1212 Gabiis,
551 1147 582 1198 ut
595 1135 667 1197 vixit
680 1134 709 1196 io
725 1155 817 1218 agro3

131 1235 219 1300 Vivat
234 1236 375 1301 Fidenis!
420 1237 463 1302 Et
473 1239 568 1322 agello
583 1239 661 1304 cedo
674 1252 807 1323 paterno.

131 1339 208 1416 Quis
222 1356 322 1405 tamen
335 1342 470 1419 affirmat,
484 1343 524 1406 nil
539 1357 638 1406 actum
652 1343 682 1406 in
696 1343 844 1406 montibus
859 1355 909 1406 aut
923 1342 952 1404 in

131 1444 311 1530 Speluncis?
355 1446 444 1510 Adeo
458 1459 618 1512 senuerunt
630 1445 747 1532 Jupiter
762 1462 792 1512 et
806 1446 914 1510 Mars?

171 1548 376 1614 Porticibusne
391 1551 440 1613 tibi
456 1565 631 1616 monstratur
645 1550 767 1616 soemiua
781 1565 849 1614 voto
1057 1553 1097 1610 55

127 1651 226 1737 Digna
241 1635 315 1716 tuo?
361 1653 473 1719 Cuneis
488 1677 526 1718 an
540 1656 650 1720 babent
664 1654 834 1740 spectacula
849 1653 926 1729 totis,

126 1755 219 1832 Quod
234 1779 357 1821 securus
372 1779 464 1836 ames,
480 1761 619 1844 quodque
635 1761 703 1824 inde
719 1779 884 1842 excerpere
898 1757 992 1841 possis
1002 1757 1061 1820 ἓ-

124 1861 246 1945 Accipis
261 1883 395 1939 uxorem,
411 1863 449 1926 de
465 1865 525 1948 qud
539 1864 718 1928 citharoedus
733 1851 851 1928 Echiori

123 1967 185 2030 Aut
200 1965 374 2050 Glaphyrus
383 1968 433 2032 fiat
447 1983 540 2053 pater,
557 1968 790 2051 Ambrosiusque
805 1967 971 2033 choraules.

122 2070 230 2156 longa
242 2093 297 2155 per
311 2089 448 2156 angustos
461 2075 587 2157 figamus
601 2071 712 2158 pulpita
727 2073 830 2138 duos:
1052 2075 1094 2136 60

123 2174 274 2240 Omentur
288 2191 388 2262 postes
403 2191 433 2240 et
447 2178 551 2261 grandi
561 2177 655 2261 janua
665 2178 759 2254 lauro,

121 2277 166 2344 Ut
179 2281 344 2345 testudineo
359 2282 420 2359 tibi,
436 2281 576 2358 Lentule,
591 2301 726 2363 conopeo
773 2295 787 2305 ‘

120 2383 237 2449 Nobilis
251 2385 417 2470 Euryalum
431 2384 639 2448 mirmillonem
654 2383 801 2467 exprimat
815 2384 921 2448 infans.

161 2488 265 2574 Nupta
279 2493 404 2554 senatori
420 2489 560 2552 comitata
575 2501 620 2550 est
634 2487 746 2570 Hippia
761 2489 873 2552 ludium

117 2594 169 2658 Ad
183 2593 314 2668 Pharon,
330 2605 360 2654 et
373 2591 488 2668 Nilum,
503 2590 676 2676 famosaque
691 2593 802 2656 moenia
817 2593 905 2678 Lagi,
1049 2599 1089 2658 65

117 2696 259 2782 Prodigia
274 2709 304 2758 et
318 2715 418 2757 mores
430 2691 522 2758 Urbis
537 2697 698 2760 damnante
713 2695 852 2784 Canopo.

115 2799 278 2866 Immemor
291 2799 339 2860 illa
354 2797 470 2875 domes,
485 2813 516 2863 et
529 2801 672 2886 conjugis,
689 2816 776 2884 atque
791 2804 908 2879 sororis,

115 2904 168 2970 Nil
183 2902 282 2986 paniae
297 2900 415 2963 indulsit
424 2924 434 2980 ;
456 2903 665 2987 plorantesque
680 2905 815 2988 improba
829 2920 923 2982 natos,

115 3007 217 3092 thue
232 3004 326 3090 magis
340 3018 469 3090 stupeas,
485 3006 570 3072 ludos
585 3007 786 3094 Paridemque
801 3011 927 3094 reliquit.

115 3112 178 3178 Sed
193 3131 361 3196 quanquam
376 3111 406 3174 in
420 3113 535 3197 magnis
548 3115 662 3199 opibus,
674 3115 834 3198 plumaque
848 3115 981 3198 paterna,
1044 3121 1086 3176 70

113 3215 157 3282 Et
170 3218 360 3300 segmentatis
374 3217 531 3280 dormisset
544 3219 666 3301 parvula
680 3219 774 3294 cunis,

113 3319 302 3404 Contempsit
315 3320 456 3404 pelagus:
479 3318 587 3384 samam
603 3335 823 3406 contempserat
832 3323 913 3401 olim,

112 3423 208 3512 Cujus
223 3425 303 3509 apud
317 3425 422 3506 molles
436 3425 556 3488 minima
571 3440 615 3490 est
623 3426 739 3510 jactura
755 3427 923 3492 cathedras.

111 3527 287 3612 Tyrrhenos
301 3529 387 3613 igitur
402 3527 509 3593 fluctus
522 3529 641 3614 lateque
656 3544 810 3596 sonantem
