2532 4008
556 359 677 412 samua
692 361 763 412 XIV.

171 510 306 576 Crimine
320 511 433 575 divitias
447 512 601 594 acquirere
614 533 624 590 ;
654 527 778 594 quarum
793 527 877 570 arnor
890 505 920 568 in
935 518 974 582 te,

171 613 309 688 Quantus
324 631 387 680 erat
400 617 499 700 patria
514 615 681 677 Deciorum
696 614 725 676 in
739 626 870 697 pectore,
887 610 1028 696 quantirm

171 715 286 782 Dilexit
299 719 434 794 Thebas,
450 719 473 781 si
490 717 607 781 Graecia
621 715 704 793 uera,
718 717 917 798 Menoeceus:
1082 718 1147 776 240

170 820 205 884 ln
221 843 346 905 quorum
361 823 450 886 sulcis
463 823 595 905 legiones
610 821 745 884 dentibus
760 821 862 904 anguis

172 923 254 988 Cum
269 927 382 1010 clypeis
395 941 565 1003 nascuntur,
580 941 611 990 et
624 925 743 989 horrida
755 926 833 990 bella
847 939 1006 1010 capessunt

173 1025 333 1106 Continui),
348 1044 488 1116 tauquam
504 1047 534 1094 et
547 1031 667 1095 tubicen
683 1030 843 1095 surrexerit
857 1030 926 1092 una.

172 1131 255 1216 Ergo
269 1135 379 1216 ignem,
394 1135 479 1220 cujus
493 1137 630 1201 scintillas
644 1137 708 1221 ipse
723 1136 840 1212 dedisti,

172 1233 361 1322 Flagrantem
375 1240 432 1302 late
449 1256 479 1304 et
493 1244 658 1324 rapientem
673 1255 780 1304 cuncta
793 1240 918 1305 videbis.
1083 1245 1146 1304 245

172 1337 241 1418 Nec
256 1339 306 1404 tibi
321 1356 458 1425 parcetur
473 1344 592 1420 misero,
607 1343 813 1426 trepidumque
828 1344 1000 1427 magistrum

172 1441 205 1505 In
220 1443 314 1506 caveis
329 1467 436 1528 magno
451 1445 568 1509 fremitu
583 1447 632 1510 leo
646 1447 728 1510 tollet
742 1449 887 1512 alumnus.

215 1547 297 1612 Noto
311 1551 523 1615 mathematicis
538 1555 655 1638 genesis
669 1565 736 1616 tua:
760 1555 814 1616 sed
829 1574 918 1638 grave
932 1554 1031 1643 tardas

172 1649 359 1737 Exspectare
374 1657 477 1719 colus:
498 1658 633 1720 morieris
647 1658 770 1722 stamine
785 1659 917 1722 nondum

171 1755 317 1842 Abrupto.
360 1759 430 1824 dam
445 1784 524 1825 nunc
539 1763 638 1827 obstas
653 1777 683 1826 et
696 1777 765 1827 vota
779 1765 921 1826 moraris:
1081 1765 1145 1824 250

170 1860 240 1924 Jam
253 1876 368 1946 torquet
378 1865 520 1949 juvenem
534 1867 623 1948 longa
637 1878 667 1927 et
681 1865 800 1928 cervina
814 1877 963 1928 senectus.

171 1965 266 2030 Ociirs
281 1969 471 2051 Archigenen
486 1990 594 2050 quaere,
609 1983 698 2050 atque
714 1990 792 2042 eme,
808 1968 887 2051 quod
902 1967 1088 2031 Mithridates

171 2069 358 2154 Composuit,
373 2071 397 2132 si
411 2072 454 2132 vis
469 2071 556 2132 aliam
571 2071 735 2153 decerpere
750 2071 852 2146 ficum,

171 2176 272 2257 Atque
287 2175 357 2238 alias
371 2188 496 2238 tractare
511 2197 614 2238 rosas:
635 2175 824 2238 medicamen
839 2173 1010 2238 habendum
1025 2186 1079 2249 est,

160 2277 301 2343 *Sorbere
313 2291 379 2341 ante
394 2280 493 2342 cibum
509 2279 588 2360 quod
603 2279 713 2342 debeat
728 2292 757 2342 et
771 2292 855 2362 pater
870 2293 900 2342 et
913 2299 980 2342 rex.
1080 2279 1144 2338 255

171 2379 309 2444 Monstro
319 2383 499 2465 voluptatem
516 2384 677 2464 egregiam,
692 2383 740 2445 cui
755 2384 835 2445 nulla
849 2384 973 2456 theatra,

170 2483 261 2547 Nulla
277 2505 392 2567 equare
408 2506 500 2566 queas
513 2485 649 2568 praetoris
663 2485 776 2567 pulpita
788 2485 869 2560 lauti,

173 2587 206 2650 Si
222 2601 349 2670 spectes,
364 2603 472 2669 quanto
486 2589 590 2671 capitis
605 2581 771 2652 discrimine
787 2600 921 2652 constent

171 2689 358 2754 Incrementa
367 2690 489 2765 demtis,
505 2689 595 2751 arata
608 2691 716 2752 multus
731 2691 759 2752 in
775 2690 846 2753 arcia

171 2791 288 2872 Fiscus,
304 2809 334 2858 et
348 2796 386 2858 ad
400 2795 517 2880 vigilem
532 2793 663 2878 ponendi
678 2793 805 2858 Castora
818 2795 942 2870 nummi,
1081 2796 1147 2858 260

171 2898 223 2960 Ex
238 2919 297 2982 quo
311 2899 394 2962 Mars
408 2901 483 2962 ultor
498 2899 612 2981 galeam
629 2919 746 2982 quoque
762 2899 899 2982 perdidit,
914 2912 945 2964 et
958 2919 1006 2962 res

170 3001 242 3066 Non
256 3004 349 3086 potuit
362 3023 480 3064 servare
496 3023 574 3064 suas.
619 3002 704 3082 Ergo
719 3003 818 3064 omnia
833 3003 930 3066 Flora

171 3105 213 3170 Et
227 3105 348 3170 Cereris
362 3105 432 3170 licet
446 3118 477 3167 et
490 3104 624 3188 Cyheles
639 3104 735 3170 auen
750 3103 896 3189 relinquas
910 3127 917 3164 :

169 3209 271 3272 Tanti)
285 3211 411 3295 majores
426 3211 554 3274 humana
568 3208 685 3290 negotia
700 3208 770 3270 ludi.

215 3313 264 3379 An
278 3313 372 3396 magis
386 3315 534 3377 oblectant
548 3313 679 3377 animum
688 3312 801 3397 jactata
814 3325 938 3396 petauro
1080 3321 1144 3386 265

131 3490 136 3500 ,
170 3418 318 3504 Corpora,
334 3417 441 3500 quique
457 3419 532 3482 solet
546 3431 661 3480 rectum
676 3416 861 3480 descendere
876 3416 977 3482 sunem
993 3443 1004 3498 ς

170 3521 273 3602 Quam
286 3537 329 3602 tu,
345 3519 478 3612 Corycia
492 3543 610 3614 semper
625 3522 674 3608 qui
694 3541 794 3608 puppe
809 3522 933 3586 moraris
