2534 4022
591 329 713 382 serunt
729 327 777 378 111.

190 485 347 554 Conatus:
370 504 477 569 magno
491 479 649 567 hospitium
663 477 840 553 miserabile,
856 495 964 558 magno

190 593 352 657 Servorum
365 603 493 666 ventres,
509 602 540 653 et
553 587 629 672 frugi
643 588 762 652 coenula
776 605 895 668 magno.

190 693 344 758 Fictilibus
358 714 478 758 coenare
493 692 595 776 pudet,
610 691 689 776 quod
705 703 790 774 turpe
804 686 921 772 negavit

187 797 363 862 Translatus
377 797 473 862 subitb
487 797 527 860 ad
541 795 659 860 Marsos
673 813 867 876 mensamque
882 789 1042 864 Sabellam,
1106 790 1166 848 150

189 899 414 986 contentusque
429 901 487 966 illic
501 899 619 964 Veneto
634 902 767 983 duroque
787 897 914 962 cucullo.

231 1005 308 1070 Pars
322 1029 429 1091 magna
443 1007 533 1072 Italiae
549 1019 604 1084 est,
619 1007 643 1070 si
658 1027 761 1070 verum
776 1003 964 1077 admittimus,
979 1002 1008 1063 in
1023 999 1083 1084 quir

188 1111 221 1176 N
222 1133 291 1176 emo
304 1127 404 1197 togam
419 1114 516 1190 sumit,
531 1113 585 1178 nisi
600 1126 742 1178 mortuus.
785 1111 855 1194 Ipsa
869 1109 985 1172 dierum

188 1214 346 1281 Festorum
361 1218 488 1284 herboso
502 1219 606 1283 colitur
620 1219 645 1282 si
660 1217 778 1302 quando
793 1216 907 1278 theatro

187 1320 341 1408 Majestas,
355 1324 535 1408 tandemque
550 1325 627 1386 redit
641 1323 679 1386 ad
696 1323 807 1406 pulpita
825 1335 927 1384 notum
1105 1321 1163 1378 155

188 1423 353 1502 Exodium,
369 1448 459 1509 quum
474 1448 605 1509 persone
622 1427 754 1508 pallentis
768 1425 879 1486 hiatum

185 1530 220 1592 In
235 1531 348 1614 gremio
363 1532 462 1593 matris
476 1529 614 1592 formidat
627 1530 751 1592 rusticus
765 1528 859 1592 infans
871 1552 880 1607 3

185 1635 331 1718 AEquales
345 1635 459 1698 habitus
474 1633 542 1710 illic,
557 1635 725 1718 similesque
740 1634 853 1698 videbis

185 1739 378 1828 Orchestram
394 1755 423 1804 et
437 1741 600 1824 populum:
623 1741 694 1804 clari
710 1741 846 1802 velamen
860 1740 988 1823 honoris,

184 1845 341 1908 Sufficiunt
354 1847 458 1908 tunicae
473 1847 596 1909 summis
611 1847 742 1909 aedilibus
757 1847 840 1908 albae.
1098 1847 1159 1906 150

184 1949 246 2013 Hic
262 1951 334 2012 ultra
349 1951 425 2013 vires
440 1950 555 2014 habittis
569 1950 659 2014 nitore
682 1950 730 2014 hic
745 1952 853 2034 aliquid
869 1951 943 2034 plus,

181 2053 285 2127 Quam
301 2053 370 2116 satis
385 2068 438 2128 est,
453 2053 600 2115 interdurn
616 2053 711 2116 alienis
725 2054 847 2117 sumitur
862 2053 943 2117 arcis.

182 2157 353 2221 Commune
368 2158 398 2219 id
413 2156 512 2219 vitium
528 2170 583 2220 est.
629 2155 690 2220 Hic
706 2157 829 2220 vivimus
844 2159 997 2222 ambitiosis

181 2261 361 2346 Paupertate
377 2283 491 2324 omnes.
537 2260 620 2334 Quid
637 2275 665 2324 te
680 2261 804 2324 moror?
827 2263 938 2326 Omnia
952 2264 1059 2327 Rome

180 2365 261 2430 Cum
276 2367 381 2450 pretio.
427 2365 509 2438 Quid
525 2367 588 2444 das,
605 2381 637 2430 ut
651 2366 779 2430 Cossum
795 2369 952 2452 aliquando
967 2369 1100 2433 salutes?

180 2469 223 2533 Ut
237 2485 266 2532 te
281 2471 418 2554 respiciat
432 2471 532 2533 clauso
544 2469 671 2534 Veiento
685 2472 816 2536 labello?
1097 2477 1155 2537 156

178 2575 231 2638 llle
247 2575 329 2638 metit
343 2576 474 2652 barbam,
490 2575 602 2640 crinem
617 2577 665 2639 hic
680 2577 801 2660 deponit
815 2579 913 2641 amati.

179 2679 274 2742 Plena
288 2680 394 2742 domus
407 2681 471 2744 libis
485 2681 646 2743 venalibus.
692 2683 818 2765 Accipe,
834 2697 863 2745 et
877 2685 953 2746 istud
1031 2758 1038 2774 ι

178 2783 368 2848 Fermentum
385 2785 434 2848 tibi
449 2786 544 2848 habe:
567 2799 704 2870 prestare
719 2787 824 2850 tributa
838 2787 961 2850 clientes

175 2887 329 2971 Cogimur,
345 2903 376 2952 et
390 2890 474 2953 cultis
488 2911 597 2973 augere
613 2891 729 2974 peculia
744 2891 844 2954 servis.
1066 2949 1068 2954 .
1087 2899 1148 2956 170

176 2990 253 3066 Quis
268 2994 359 3070 timet,
376 3007 426 3056 aut
439 2994 533 3056 timuit
547 2994 645 3076 gelidat
659 2994 810 3060 Praeneste
825 2998 950 3073 ruinam,

173 3098 235 3160 Aut
249 3097 350 3181 positis
364 3119 520 3160 nemorosa
534 3098 608 3160 inter
617 3097 690 3182 juga
704 3098 851 3175 Volsiniis,
867 3117 916 3164 aut

173 3200 363 3284 Simplicibus
378 3201 490 3278 Gabiis,
506 3198 556 3264 eut
569 3203 652 3285 proni
666 3202 787 3266 Tiburis
802 3203 896 3267 arce?

171 3305 239 3368 Nos
254 3306 357 3368 urbem
372 3307 495 3370 colimus
510 3308 589 3368 tenui
604 3307 721 3371 tibicine
742 3308 842 3372 sultam

170 3407 284 3493 Magnis
299 3424 380 3493 parte
396 3413 450 3475 sui.
496 3411 576 3476 Nam
592 3413 634 3475 sic
649 3413 812 3476 labentibus
825 3415 920 3480 obstat
1085 3424 1142 3480 175

166 3514 299 3591 Villicus,
316 3527 345 3578 et
359 3517 465 3579 veteris
478 3517 663 3663 rimaqquum
678 3517 751 3580 texit
765 3518 885 3595 hiatum,
