2532 4008
133 331 192 390 122
452 325 485 374 n.
501 323 595 374 tumr
610 321 800 372 iuramus

128 471 273 555 Incipiunt
289 471 392 534 animis
406 471 592 534 ardentibus:
616 472 680 533 hec
694 471 764 531 tuba
779 469 860 530 rixae.

125 576 204 639 Dein
219 577 348 637 clamore
364 577 425 658 pari
441 576 632 650 concurritur,
649 587 679 635 et
693 573 757 633 vice
772 571 822 633 teli

126 678 215 740 Saevit
230 679 309 740 nuda
324 699 449 740 manus:
472 699 573 760 paucae
590 678 651 739 sine
667 676 787 737 vulnere
803 673 906 734 malaez

124 779 185 842 Vix
200 782 339 863 cuiquam
352 795 401 842 aut
415 782 484 842 nulli
500 795 561 842 toto
575 779 735 842 certamine
751 798 839 840 nasus
1058 781 1099 838 55

122 883 250 966 Integer.
296 886 479 966 Adspiceres
488 885 551 967 jam
567 897 674 945 cuncta
690 903 744 964 per
759 881 875 963 agmina
891 879 986 942 vuitus

71 995 72 1001 ’
123 987 281 1063 Dimidios,
297 989 367 1049 alias
382 986 482 1062 facies,
499 1001 528 1048 et
543 987 651 1048 hiantia
665 986 756 1067 ruptis

122 1090 200 1152 Ossa
215 1091 307 1172 genis,
323 1091 426 1172 plenos
441 1091 594 1151 oculorum
609 1089 750 1170 sanguiue
765 1108 890 1171 pugnos.

122 1193 244 1255 Ludere
260 1215 291 1256 se
307 1194 432 1255 credunt
448 1194 500 1275 ipsi
515 1207 626 1267 tamen,
642 1205 672 1253 et
687 1190 817 1274 pueriles

121 1293 278 1358 Exercere
294 1297 383 1372 acies,
400 1296 479 1379 qubd
495 1297 572 1358 nulla
587 1296 734 1360 cadavera
749 1297 874 1358 calcent.
1056 1296 1097 1354 60

121 1391 163 1460 Et
178 1401 249 1461 sane
265 1400 324 1482 qud
338 1413 380 1462 tot
395 1401 514 1462 rixantis
530 1400 618 1461 millia
634 1400 735 1474 turba,

121 1502 154 1563 Si
170 1503 268 1564 vivunt
283 1503 413 1564 omnes?
459 1503 542 1584 Ergo
558 1503 653 1564 acrior
667 1503 805 1583 impetus,
820 1501 925 1586 etjam

120 1603 203 1666 Saxa
217 1606 358 1666 inclinatis
374 1627 427 1687 per
442 1606 566 1666 humum
582 1605 700 1686 quesita
715 1605 832 1667 lacertis

119 1706 264 1790 Incipiunt
278 1721 425 1789 torquere,
442 1709 604 1770 domestica
619 1708 753 1770 seditioni

118 1809 195 1872 Tela
208 1834 218 1889 3
240 1832 296 1873 uec
311 1812 389 1873 hunc
405 1812 544 1894 lapidem,
561 1813 662 1894 quales
677 1825 707 1874 et
720 1811 841 1874 Turnus
858 1825 887 1874 et
900 1812 992 1895 Ajax,
1053 1813 1094 1872 6⁵

118 1911 177 1976 Vel
193 1935 250 1996 quo
265 1915 402 1997 Tydides
417 1916 560 1998 percussit
580 1917 713 1999 pondere
729 1938 836 1978 coxam

118 2017 245 2096 AEneae3
268 2019 321 2080 sed
338 2041 427 2102 quem
443 2021 558 2082 valeant
573 2021 706 2082 emittere
723 2021 845 2094 dextra,

117 2121 177 2182 Illis
192 2123 346 2184 dissimiles
361 2137 390 2183 et
404 2138 501 2184 nostro
516 2138 649 2202 tempore
666 2138 751 2184 natac.
789 2138 791 2142 ’

118 2224 199 2286 Nam
215 2246 307 2305 genus
322 2226 379 2285 lroc
394 2226 460 2285 vivo
470 2225 534 2307 jam
551 2225 745 2286 decrescebat
760 2225 907 2288 Homero·

117 2325 215 2388 Terra
230 2327 322 2388 malos
336 2327 471 2388 homiues
488 2319 689 2388 nuuc'educat
704 2340 792 2408 atque
807 2327 936 2408 pusillos.
1052 2333 1094 2390 70

119 2428 202 2512 Ergo
218 2431 301 2505 dena,
318 2431 484 2512 quicunque
499 2430 644 2512 adspexit,
660 2430 736 2492 ridet
751 2445 781 2492 et
794 2431 866 2493 odit.

162 2535 192 2592 A
207 2533 379 2594 diverticulo
392 2547 541 2614 repetatur
556 2511 665 2595 sabuti.
711 2533 876 2616 Postquam

120 2634 263 2697 Subsidiis
278 2636 365 2711 aucti,
381 2656 449 2719 pars
464 2639 556 2699 altera
570 2659 709 2720 promere
724 2637 835 2702 serrum

117 2739 228 2814 Audet,
245 2753 274 2801 et
287 2739 398 2802 infestis
413 2763 542 2823 pugnarn
557 2742 718 2804 instaurare
732 2743 863 2822 sagittis3

116 2837 218 2919 Terga
233 2837 308 2918 fugae
323 2841 412 2899 celeri
427 2841 627 2920 praestantibus
641 2841 776 2908 omnibus
791 2841 906 2916 instant,
1051 2847 1093 2906 75

118 2939 180 3012 Qui
196 2941 289 3002 vicina
304 2941 403 3002 colunt
419 2942 563 3003 umbrosa
578 2941 714 3024 Tentyra
728 2945 844 3027 paimae.

117 3043 240 3106 Labitur
254 3043 323 3106 hinc
338 3044 469 3128 quidam,
481 3045 572 3108 nimici
586 3045 741 3110 formidine
755 3069 875 3110 cursum

117 3147 317 3228 Praecipitans‚
333 3150 524 3231 capiturque:
549 3164 592 3212 ast
606 3151 685 3210 illum
700 3151 729 3210 in
744 3150 870 3232 plurima
884 3165 998 3216 sectum

117 3249 224 3312 Frusta
240 3263 270 3311 et
284 3251 449 3332 particulas,
465 3263 497 3311 ut
511 3253 608 3313 multis
622 3265 753 3316 mortuus
768 3275 843 3318 unus

117 3354 285 3429 Sufficeret,
300 3367 393 3415 totum
408 3353 534 3417 corrosis
548 3355 661 3418 ossibus
673 3357 735 3420 edit

114 3456 230 3520 Victrix
243 3458 347 3520 turbat
371 3477 429 3522 nec
444 3460 558 3524 ardenti
574 3462 694 3525 decoxit
709 3465 795 3539 aeno,
