2534 4022
13 423 14 426 p
120 369 161 429 55
427 359 460 408 n.
476 359 570 410 nourr
585 351 775 410 umnuffls

119 512 267 587 Quintilla
284 509 362 594 quod
378 510 477 584 donet,
492 509 601 587 habet3
623 529 681 570 nec
696 505 789 570 defuit
802 505 852 580 illi,
1048 507 1089 563 75

117 616 208 680 Unde
225 628 337 677 emeret
352 613 443 676 multia
457 613 640 696 pascendum
655 633 744 674 carne
760 612 878 674 leonem

117 719 186 782 Jarn
203 718 346 780 domitum
361 740 368 778 :
391 730 505 780 constat
518 717 620 778 leviori
635 717 865 798 balluasumptu

116 825 274 899 Nimirum,
290 836 320 884 et
333 822 453 905 capiunt
466 823 532 904 plus
546 821 679 882 intestina
695 823 800 902 poetae.

115 927 281 992 Contentus
295 925 376 988 lama
384 927 485 1010 jaceat
500 925 641 988 Lucanus
655 925 683 984 in
699 923 789 986 hortis

115 1031 313 1095 Marmoreis:
337 1044 366 1092 at
381 1030 511 1092 Serrano
525 1030 665 1111 tenuique
681 1027 782 1090 Saleio
1044 1031 1086 1088 80

116 1135 217 1198 Gloria
233 1133 410 1216 quantalibet
425 1133 495 1215 quid
510 1133 573 1207 erit,
589 1132 611 1194 si
626 1134 718 1214 gloria
733 1133 843 1196 tantum
860 1132 927 1196 est?

114 1239 249 1302 Curritur
264 1238 302 1298 ad
316 1257 423 1299 vocem
433 1236 598 1320 jucundam
614 1250 644 1298 et
658 1257 779 1299 carmen
795 1237 897 1299 amicae

113 1341 298 1417 Thebaidos,
313 1342 408 1403 laetam
424 1339 495 1430 lecit
509 1361 599 1423 quum
617 1341 727 1404 Statius
741 1343 856 1417 urbem,

113 1447 311 1529 Promisitque
327 1445 428 1508 diem:
450 1445 531 1508 tanta
544 1446 702 1508 dulcedine
717 1459 819 1529 captos

113 1551 215 1614 Afficit
231 1551 278 1610 ille
294 1550 417 1622 animos,
432 1548 571 1629 tantaque
587 1549 705 1612 libidine
720 1551 798 1632 vulgi
1041 1552 1082 1610 85

112 1656 240 1720 Auditur
252 1677 261 1733 3
283 1654 347 1728 scd,
371 1673 460 1735 quum
476 1651 562 1734 fregit
576 1655 712 1716 subsellia
726 1675 824 1728 versu,

113 1756 225 1835 Esurit,
241 1759 381 1820 intactam
396 1755 497 1830 Paridi
513 1757 565 1818 nisi
581 1759 690 1820 vendat
704 1760 840 1842 Agaven.

112 1865 165 1928 Ille
181 1879 211 1926 et
226 1863 331 1924 nrilitiae
347 1861 444 1923 multis
459 1861 577 1944 largitur
591 1863 746 1939 honorem,

113 1969 255 2033 Semestri
269 1979 369 2028 vatum
385 1965 489 2048 digitos
503 1966 686 2050 circumligat
700 1989 781 2030 auro.

112 2073 204 2146 Quod
220 2094 278 2133 non
294 2071 365 2132 dant
378 2091 530 2149 proceres,
545 2071 626 2133 dabit
640 2073 757 2134 histrio:
780 2085 810 2133 tu
827 2069 1012 2146 Camerinos,
1039 2073 1081 2130 90

111 2176 154 2240 Et
169 2177 293 2249 Bareas,
308 2188 338 2234 tu
354 2174 492 2235 nobilium
508 2196 615 2258 magna
631 2177 701 2237 atria
716 2175 825 2238 ouras?

111 2279 275 2343 Praesectos
289 2277 423 2359 Pelopea
438 2277 517 2354 lacit,
533 2279 701 2341 Philomela
715 2280 855 2340 tribunos.

112 2383 203 2447 Haud
220 2397 319 2444 tamen
334 2381 466 2444 invideas
479 2384 547 2458 vati,
564 2403 651 2464 quem
668 2383 777 2464 pulpita
792 2396 925 2464 pascunt.

111 2488 188 2562 Quis
202 2487 253 2549 tibi
268 2485 444 2549 Maecenas?
468 2487 531 2569 quis
545 2508 624 2547 nunc
639 2487 693 2548 erit
708 2499 758 2548 aut
773 2485 957 2560 Proculeius,

110 2595 172 2656 Aut
183 2590 294 2652 Fabius
307 2591 319 2652 ,Ρ
344 2592 407 2674 quis
419 2589 508 2652 Cotta
519 2590 625 2650 iterum
637 2589 651 2650 ?
675 2590 738 2672 quis
750 2590 894 2652 Lentulus
906 2591 978 2652 alter
990 2589 1003 2651 ,Ρ
1037 2593 1078 2651 95

109 2698 198 2760 Tunc
214 2719 266 2780 par
280 2696 397 2779 ingenio
412 2694 555 2777 pretium:
579 2707 649 2756 tunc
665 2695 734 2756 utile
750 2696 847 2758 multis

49 2827 54 2835 ·
109 2803 237 2878 Pallene,
254 2815 282 2863 et
297 2801 396 2862 vinum
408 2813 469 2861 toto
484 2799 599 2861 nescire
613 2799 788 2860 Decembri.

152 2903 261 2967 Vester
276 2901 364 2986 porro
378 2901 461 2960 labor
476 2899 650 2972 foecundior,
666 2901 849 2960 historiarum

78 3087 85 3096 ὓ
109 3009 293 3092 Scriptores:
315 3003 387 3086 petit
402 3002 450 3064 hio
465 3001 531 3083 plus
545 3002 694 3084 temporis,
711 3015 799 3085 atque
813 3005 871 3066 olei
887 3006 974 3088 plus;

107 3115 247 3195 Namque
263 3108 351 3170 oblita
365 3106 446 3169 modi
462 3105 613 3169 millesima
632 3107 738 3189 pagina
754 3109 843 3190 surgit
1018 3115 1078 3191 100

107 3217 264 3287 Omnibus,
279 3225 310 3273 et
324 3211 415 3274 multe
430 3212 537 3274 crescit
552 3212 694 3274 damnosa
709 3233 832 3296 papyro.

107 3321 158 3383 Sic
173 3319 277 3400 ingens
291 3335 390 3378 rerum
406 3335 546 3378 numerus
555 3314 641 3400 jubet
655 3330 743 3399 atque
758 3339 882 3401 operum
897 3319 958 3380 lex.

106 3423 184 3499 Quae
199 3436 299 3484 tamen
314 3419 383 3482 inde
399 3419 508 3502 seges?
531 3435 614 3484 terrac
631 3421 695 3504 quis
709 3420 821 3486 fructus
835 3423 968 3506 aperta?

106 3527 184 3603 Quis
199 3527 279 3589 dabit
292 3525 440 3602 historico,
457 3540 598 3610 quantum
614 3527 697 3590 daret
712 3540 778 3590 acta
792 3527 926 3611 legenti?
