2532 4008
580 306 702 358 wIRA
719 305 753 356 Χῖ
1113 304 1154 362 87

181 455 261 520 Nota
276 455 351 520 Urbi
366 469 396 520 er
409 456 519 540 populo
534 457 685 538 contingat
700 453 838 537 principis
854 447 950 514 dures.
1092 450 1154 508 315

180 560 325 624 Dedecus
339 561 386 624 ille
402 561 508 624 demde
523 561 598 624 scier
605 561 728 624 ultimus
742 581 750 622 a
772 558 884 624 interea
900 570 932 618 tu

180 665 355 750 Obsequere
370 665 516 748 imperio;
538 665 574 726 sit
587 663 657 726 tanti
672 664 730 724 vita
745 663 859 724 dierum

179 769 360 834 Paucorum.
406 767 560 850 Quidquid
575 767 680 834 melius
695 767 846 849 leviusque
863 763 981 848 puteris,

178 873 350 965 Praebenda
364 885 410 936 est
424 871 522 954 gladio
536 873 665 955 [adchra
675 873 740 936 heu
755 885 785 936 et
799 870 927 940 candida
942 867 1055 934 cervix.

221 978 271 1042 Nil
288 999 363 1060 ergo
374 977 517 1058 optabunt
530 976 691 1040 homines?
738 977 771 1040 Si
786 975 940 1046 eonsilium
955 975 1011 1050 vis2
1090 978 1154 1052 320

176 1080 337 1145 Permittes
351 1082 423 1166 ipsis
436 1083 612 1166 expendere
624 1082 802 1158 numinibus,
818 1081 889 1164 quid

177 1183 343 1249 Conveniat
357 1187 440 1249 nohis
454 1188 602 1269 rebusque
618 1187 654 1250 sit
669 1187 740 1252 urile
752 1187 868 1252 nostris.

175 1289 257 1353 Nam
272 1313 327 1374 pro
336 1290 477 1374 jucundis
492 1292 642 1374 aptissime
657 1313 781 1373 quaeque
798 1292 910 1358 dabunt
924 1291 966 1354 dt.
1076 1356 1078 1360 .

175 1391 282 1456 Carior
297 1410 344 1458 est·
355 1394 410 1458 illis
424 1395 525 1469 honro,
541 1394 631 1476 quam
646 1395 712 1458 sihi.
756 1394 788 1458 N
789 1416 822 1460 os
838 1394 1001 1462 animorum

174 1497 316 1581 Impulsu,
332 1511 362 1560 et
376 1497 458 1562 eaecd
473 1499 639 1581 magnaque
655 1498 794 1582 cupidine
809 1499 890 1566 ducti
1088 1501 1151 1565 325

174 1600 352 1686 Conjugiurn
368 1603 497 1685 petimus
510 1605 685 1686 partumque
701 1603 820 1668 uxoris:
843 1617 873 1669 at
887 1601 944 1666 illis

173 1705 297 1783 Notum,
314 1707 362 1790 qui
376 1708 470 1792 puori,
487 1709 640 1792 qualisque
655 1703 802 1774 sutura'sit
818 1731 904 1776 uxor.

172 1807 215 1872 Ut
228 1823 326 1874 tamen
342 1826 372 1874 et
387 1833 495 1895 posons
510 1813 629 1896 aliquid,
645 1834 814 1896 voveasque
828 1812 944 1892 sacellis

172 1912 264 1991 Exta,
280 1927 309 1976 et
323 1916 470 1977 candiduli
486 1916 585 1978 divina
600 1917 749 1980 tomacula
763 1917 845 1997 porci
858 1938 884 1998 a,

171 2015 327 2080 Ornndmn
343 2032 396 2092 est,
411 2019 493 2080 ursit
507 2039 592 2080 mens
606 2039 678 2080 sana
692 2019 723 2080 in
736 2039 862 2100 corpore
876 2039 959 2084 sano.
1084 2023 1147 2085 830

170 2118 295 2184 Fortem
310 2142 401 2204 posce
416 2121 556 2198 animum,
572 2123 673 2186 mortis
687 2135 800 2189 terrore
814 2135 976 2200 ouantem,

169 2223 232 2299 Qui
246 2225 373 2308 spatium
387 2226 452 2289 uite
466 2240 634 2290 extremum
649 2227 726 2292 inter
739 2249 860 2296 munera
876 2241 965 2312 poan

167 2329 299 2408 Nature,
315 2331 364 2414 qui
379 2329 456 2394 serre
468 2346 557 2414 queat
571 2353 764 2417 quosauaqua
779 2333 904 2409 labores,

167 2433 291 2498 Nesciet
306 2435 401 2512 trasei,
417 2437 518 2518 curun
531 2437 611 2512 nihil,
626 2451 657 2499 et
670 2437 799 2520 potiores

167 2535 307 2602 Herculis
322 2561 468 2602 erumnas
484 2541 588 2604 credet
602 2562 753 2624 serosque
768 2541 885 2607 labores
1078 2543 1140 2608 335

166 2640 209 2703 Et
223 2639 353 2716 Venere,
370 2655 401 2704 et
414 2644 517 2717 eoenis,
533 2658 563 2706 et
577 2643 679 2724 plume
694 2645 898 2728 Sardanapali.

164 2743 309 2821 Monstro,
326 2746 405 2828 quod
421 2747 485 2829 ipse
498 2746 548 2808 tibi
562 2746 657 2829 possis
672 2747 763 2810 dare:
787 2749 891 2816 semita
907 2749 989 2813 uerte

163 2848 346 2936 Tranquillo.
356 2871 412 2938 per
427 2851 561 2914 virtutem
577 2865 658 2934 petet
671 2852 759 2916 unica
773 2853 847 2919 vire.
945 2905 948 2909 ›

162 2955 287 3020 Nullum
301 2971 409 3017 numen
425 2956 527 3031 habes,
543 2957 567 3020 si
582 2957 618 3019 sit
632 2957 803 3040 prudentia:
828 2980 881 3023 nos
896 2973 935 3042 te,

163 3061 229 3126 Nos
243 3060 377 3138 facimus,
393 3057 536 3138 Fortuna,
551 3059 662 3136 Deam,
678 3062 817 3146 eoebque
830 3064 973 3130 loaamus.
1073 3069 1137 3132 340
1200 3143 1220 3169 w
