2534 4022
570 333 691 394 tantun
706 335 750 394 vt.
1105 345 1147 408 43

173 494 324 559 Conducit
339 493 474 570 comites,
491 494 604 571 sellam,
621 493 759 570 cervical,
776 493 899 570 amicas,
1081 493 1145 553 255

173 599 340 676 Nutricem,
356 612 386 661 et
400 597 516 674 flavam,
532 599 581 661 eui
596 599 646 662 det
661 599 809 674 mandata,
825 598 965 682 puellam.

173 701 249 766 Haee
264 717 364 765 tamen
380 703 491 784 argenti
506 716 639 786 superest
654 704 851 786 quodeunque
866 702 980 786 paterni

173 807 305 870 Levibus
320 807 444 882 athletis,
461 829 496 870 ae
510 829 581 872 vasa
595 807 752 870 novissima
768 808 868 870 donat.

173 911 275 973 Multis
289 933 338 973 res
353 925 474 994 angusta
489 912 589 974 domi:
612 913 665 974 sed
680 912 759 974 nulla
774 912 919 995 pudorem

173 1000 360 1098 Paupertatis
374 1015 472 1092 habet,
488 1037 545 1078 neo
561 1037 593 1078 se
609 1017 727 1078 metitur
742 1016 778 1077 ad
794 1016 885 1092 illum,
1081 1018 1148 1078 260

173 1118 277 1192 Quem
293 1120 375 1181 dedit
386 1121 460 1196 haeo,
469 1121 625 1204 posuitque
637 1121 771 1182 modum.
816 1119 936 1184 Tamen
948 1119 1018 1183 utile
1030 1120 1100 1203 quid
1111 1120 1147 1182 sit

172 1222 359 1306 Prospieiuut
375 1224 531 1306 aliquando
545 1225 608 1300 viri,
624 1223 772 1308 frigusque
787 1223 958 1307 famemque

175 1327 317 1390 Formicis
330 1329 451 1392 tandem
467 1330 586 1411 quidam
602 1329 752 1412 expavere
767 1327 918 1410 magistris.

174 1430 306 1512 Prodiga
320 1453 379 1492 non
394 1433 479 1493 sentit
493 1445 667 1514 pereuntem
683 1430 804 1493 soemina
819 1452 964 1509 censum3

173 1536 231 1610 Ac,
247 1537 325 1628 velut
340 1525 485 1598 exhausti
499 1536 647 1598 recidivus
661 1535 784 1618 pullulet
798 1535 867 1598 arod
1081 1539 1153 1600 aot.
1258 1611 1259 1618 ἵ

173 1640 324 1704 Nummus
339 1655 400 1704 ete
416 1641 504 1724 pleno
519 1661 637 1724 semper
651 1641 767 1704 tollatur
782 1663 898 1718 acervo,

173 1743 243 1808 Non
260 1767 389 1828 unquam
404 1759 529 1828 reputat,
545 1745 644 1828 quanti
659 1745 712 1808 sibi
727 1746 834 1828 gaudia
849 1761 1039 1811 constent-
1080 1803 1082 1806 ,

219 1850 251 1912 Si
267 1852 377 1932 gaudet
390 1865 500 1928 oantu3
520 1850 627 1912 nullius
642 1851 730 1911 fibula
746 1850 831 1912 durat

174 1953 291 2016 Vocem
307 1955 461 2016 vendentis
475 1953 666 2036 praetoribus:
688 1975 798 2036 organa
813 1977 933 2039 semper

174 2058 207 2120 In
223 2059 375 2120 manibus:
400 2058 483 2119 densi
498 2058 612 2118 radiant
625 2057 771 2119 testudine
785 2059 846 2119 tota
1082 2071 1148 2128 270

176 2161 404 2244 Sardonyches:
428 2161 525 2244 crispo
540 2177 730 2224 numerantur
745 2163 862 2244 pectine
877 2165 1007 2244 elrordae,

175 2263 247 2337 Quo
263 2281 344 2328 tener
360 2264 547 2348 Hedymeles
561 2287 667 2348 operas
683 2265 786 2328 dedit:
807 2268 886 2331 huno
901 2283 991 2348 tenet,
1006 2273 1064 2336 hoo
1080 2297 1113 2338 se

175 2370 302 2446 Solatur,
317 2385 460 2454 gratoque
473 2370 605 2452 indulget
618 2370 700 2432 basia
712 2371 837 2453 plectro.

174 2473 323 2555 Quadam
339 2477 377 2538 de
392 2497 516 2538 numero
532 2475 705 2537 Lamiarum
721 2497 756 2538 ac
771 2478 895 2540 nominis
910 2480 958 2542 alti

174 2579 255 2644 Cum
271 2580 348 2642 sarre
363 2593 393 2642 et
407 2580 474 2642 vino
488 2578 597 2642 Janum
612 2579 795 2664 Vestamque
810 2583 941 2666 rogabat,
1081 2593 1145 2652 275

174 2685 223 2745 An
239 2683 438 2765 Capitolinam
454 2683 578 2744 deberet
591 2683 687 2744 Pollio
703 2705 846 2766 quereum

176 2788 315 2871 sperare,
332 2801 362 2850 et
376 2787 482 2849 fidibus
495 2787 676 2869 promittere.
711 2787 806 2859 ·Quid
821 2787 933 2854 laceret
946 2793 1012 2876 plus

174 2893 347 2976 AEgrotante
363 2890 447 2955 viro?
471 2891 595 2954 medicis
611 2891 680 2974 quid
695 2892 821 2955 tristibus
837 2911 929 2978 erga·

174 2997 337 3062 Filiolum?
383 2996 470 3058 Stetit
484 3010 550 3058 ante
566 3018 657 3072 aram,
672 3017 729 3058 neo
744 3010 828 3081 turpe
843 3002 954 3082 putavit

173 3103 235 3168 Pro
249 3101 364 3168 citharis
377 3101 475 3164 velare
490 3114 600 3183 eaput3
624 3100 790 3183 dictataque
804 3103 895 3166 verba
1080 3119 1144 3178 280

174 3209 308 3284 Pertulit,
323 3221 356 3270 ut
370 3227 435 3268 mos
450 3219 504 3281 est,
519 3219 549 3268 et
564 3203 666 3288 aperit
681 3205 780 3286 palluit
795 3206 881 3288 agni.

173 3315 232 3376 Dic
250 3313 318 3374 mihi
333 3334 422 3388 nunc,
437 3333 547 3396 quasso,
563 3309 621 3385 die,
637 3310 835 3393 antiquissime
851 3311 961 3390 divdm,

173 3418 353 3500 Respondes
368 3419 422 3493 his,
436 3415 513 3479 Jane
528 3414 636 3500 pater?
682 3415 793 3498 Magna
807 3417 867 3478 otia
881 3421 949 3482 coeli
963 3443 971 3481 r

172 3523 243 3587 Non
259 3536 313 3598 est,
328 3537 360 3584 ut
375 3523 471 3598 video,
485 3543 544 3584 non
560 3537 614 3600 est,
629 3521 709 3605 quod
725 3533 827 3602 agatur
842 3523 921 3604 apud
936 3544 988 3584 vos
