2534 4022
111 302 154 362 ⁷2
416 289 765 348 ntumtsuvararars

110 443 297 510 Munimenta
310 457 396 527 toga,
411 443 476 510 duri
490 442 640 526 crassique
654 439 771 516 coloris,
885 485 888 494 .

112 547 155 614 Et
168 547 246 612 male
260 545 416 633 percussas
428 547 551 610 textoris
565 545 684 630 peotiue
698 543 776 608 Galli

112 653 297 738 Accipimus,
311 665 400 716 tenue
415 664 569 736 argeutum
582 669 726 732 veuaeque
741 644 936 712 secunde.-

113 755 206 834 Quod
221 771 321 822 tamen
336 756 457 821 ulterius
470 768 645 831 monstrum,
657 753 746 838 qudm
761 751 857 814 mollis
871 747 998 814 avarus?

113 859 191 926 Haeo
206 861 304 938 tribui,
319 861 428 925 deindo
442 860 492 925 ille
506 859 587 936 dadi,
602 877 674 924 mox
688 858 774 943 plura
786 855 886 920 tulisti.

114 963 279 1051 Computat
292 980 439 1030 uooovet.
485 964 618 1034 Ponatur
632 963 785 1040 caleulus3
806 959 903 1024 adsint
1045 960 1088 1020 30

115 1067 196 1135 Cum
212 1069 311 1134 tabuld
324 1071 409 1156 pueri
422 1093 430 1132 t
452 1089 577 1134 numera
590 1068 724 1134 sestertia
733 1066 868 1152 ‘quinque

115 1173 264 1240 Omnibus
277 1175 308 1240 in
321 1176 430 1256 rebus3
451 1187 643 1240 numerentur
658 1172 767 1237 deinde
781 1171 954 1235 labores.-

113 1275 178 1346 Vos
191 1281 294 1346 humili
309 1282 464 1358 asseculae,
478 1301 532 1345 vos
544 1279 731 1364 indulgebitis
745 1293 875 1360 uuquam

116 1383 242 1462 cultori,
253 1384 318 1470 jam
331 1407 390 1450 neo
403 1385 508 1452 morbo
521 1386 634 1450 donare
648 1383 742 1469 parati
752 1382 810 1446 ἓ-

116 1489 188 1566 Dic,
203 1507 315 1574 passer,
330 1491 379 1552 oui
393 1503 436 1552 tot
450 1505 575 1566 montes,
591 1502 634 1552 tot
647 1489 758 1576 praedia
772 1503 872 1550 servas
1049 1484 1094 1548 35

117 1593 247 1678 Appula,
262 1605 306 1656 tot
318 1593 423 1656 milvos
437 1593 512 1656 iutro
524 1603 576 1656 tua
589 1604 702 1677 pascua
716 1589 834 1655 lassos?

118 1695 169 1760 Te
183 1695 346 1761 Trifolinus
360 1715 433 1780 ager
446 1695 594 1761 soeoundis
608 1697 713 1761 vitibus
726 1697 828 1781 implet

17 1809 19 1814 ’
120 1801 359 1886 suspectumque
370 1801 478 1885 jugum
492 1799 609 1878 Cumis,
625 1815 655 1864 et
668 1802 791 1865 Gaurus
804 1801 907 1864 inanis.

120 1904 203 1970 Nam
218 1905 282 1990 quis
296 1905 381 1989 plura
395 1905 457 1968 linit
470 1906 584 1969 victuro
599 1905 677 1969 dolia
692 1905 813 1970 musto?

121 2007 275 2088 Quantum
291 2023 354 2074 erat
366 2010 502 2075 exhausti
515 2012 632 2076 lumbos
643 2012 755 2076 donare
769 2012 882 2076 clientis
1053 2013 1096 2070 4⁰

120 2113 280 2198 lugeribus
293 2115 421 2198 paucis?
442 2117 652 2180 meliusne'hio
666 2117 792 2179 rusticus
806 2115 910 2190 infans,

123 2217 205 2283 Cum
219 2232 324 2297 matre,
340 2221 501 2297 etoasulis,
517 2233 547 2282 et
561 2219 707 2282 collusore
721 2219 838 2293 catello,

119 2319 274 2406 Cymbala
287 2325 428 2407 pulsantis
441 2325 572 2406 legatum
586 2322 638 2384 fiet
652 2319 763 2384 amici?

123 2425 280 2512 lmprobus
295 2449 338 2504 es,
353 2441 445 2512 quum
458 2428 569 2511 posois,
586 2426 647 2489 uit:
669 2427 724 2490 sed
738 2426 842 2511 pensio
857 2427 975 2504 clamet,

125 2529 225 2594 Posce
237 2553 247 2608 ;
269 2531 324 2592 sed
339 2530 467 2612 appellat
480 2549 554 2613 puer
567 2529 683 2607 uuious,
697 2546 729 2594 ut
743 2530 922 2616 Polyphemi
1058 2537 1100 2594 45
1170 2571 1174 2576 -

124 2632 203 2698 Lata
218 2633 306 2710 acies,
329 2654 383 2718 per
398 2635 606 2717 quamsollers
620 2635 712 2700 evasit
725 2633 854 2722 Ulyxes.

126 2738 211 2802 Alter
226 2738 371 2803 emendus
385 2737 459 2819 erit3
480 2755 610 2824 namque
624 2741 674 2805 hio
688 2763 748 2804 non
763 2742 892 2819 sufficit;
914 2741 1002 2802 ambo

127 2841 288 2906 Pascendi.
334 2842 418 2916 Quid
433 2863 521 2925 agam
535 2842 641 2905 brumd
656 2843 811 2926 spirante?
835 2843 916 2927 quid,
929 2863 994 2921 ore,

30 2931 37 2940 ’
128 2944 212 3020 Quid
228 2945 327 3009 diuam
341 2945 469 3028 suspulis
482 2965 642 3030 puerorum
657 2947 804 3031 Aquilone
819 2947 1000 3014 Decembri

129 3047 171 3114 Et
185 3049 335 3134 pedibus?
358 3050 462 3114 durate
478 3064 567 3136 atque
582 3055 756 3138 exspectate
771 3053 916 3118 cicadas?
1062 3057 1109 3117 to

96 3177 100 3184 ·
129 3151 255 3231 verum,
270 3167 303 3217 ut
317 3156 493 3233 dissimules,
506 3171 540 3218 ut
554 3157 653 3220 mittas
667 3169 784 3233 cetera,
799 3169 908 3241 quanto
966 3171 968 3174 ·

132 3256 247 3322 Metiris
261 3261 364 3343 pretio,
381 3259 472 3342 qudd,
487 3259 517 3320 ni
532 3259 583 3321 tibi
598 3260 715 3324 deditus
729 3283 828 3325 essem

42 3354 46 3360 ’
133 3360 327 3446 Devotusque
341 3363 444 3439 cliens,
458 3373 535 3427 uxor
548 3375 603 3426 tue
612 3365 693 3450 virgo
707 3378 842 3430 maneret
852 3365 911 3430 ἒ·-

134 3465 281 3543 lustabile,
296 3487 333 3532 ee
348 3466 445 3532 dirimi
459 3481 602 3554 ooepmm,
617 3470 722 3557 etjam
736 3471 820 3558 poue
834 3471 962 3540 solutum
980 3493 982 3502 ’
