2532 4008
134 316 196 382 104
458 310 492 358 D.
507 309 601 358 tumr
616 305 807 358 JWENALIS

129 461 184 526 ule
198 479 318 524 munem
330 457 454 520 sceleris
465 455 594 539 metium
608 454 680 530 tulit,
695 454 743 516 hie
758 452 907 519 diadema·
1041 459 1102 518 105

134 562 186 628 Sic
200 563 329 626 animum
340 561 412 624 dirae
429 559 575 642 trqpidrun
590 557 744 620 formidine
760 557 854 639 culpae
947 615 957 633 ,

133 665 329 729 Confirmant.
373 662 463 726 'Iunc
478 675 507 724 te
522 682 606 724 saera
621 660 659 722 ad
675 660 798 722 deiubru
811 672 968 724 vocantem

112 765 297 868 &raecedit
312 765 427 828 trahere
442 765 534 828 irnmo
548 765 623 826 uduo
637 784 674 826 ac
683 783 799 860 *vexare
814 776 943 845 paratus.

134 871 226 947 Nam,
242 892 333 953 quum
348 890 455 951 magna
470 868 554 930 male
571 880 703 948 superest
717 866 843 928 audacia
856 887 965 943 cuusae,

129 972 274 1038 Creditur
289 996 306 1035 a
321 974 417 1036 multis
429 972 550 1035 fiducie.
596 971 724 1032 Mimum
739 970 797 1051 agit
812 971 869 1046 ille,
1045 978 1106 1034 110

133 1077 249 1142 Urbani
265 1077 381 1158 qualem
396 1074 532 1156 fugitivus
548 1093 648 1137 scurra
663 1072 790 1134 Catulli:

134 1181 185 1245 Tu
201 1181 289 1244 miser
305 1179 466 1252 exclames,
483 1191 514 1238 ut
530 1177 667 1240 Stentora
681 1177 800 1240 vincere
816 1179 920 1260 possis,

134 1284 194 1348 Vel
207 1284 312 1368 potius,
329 1280 468 1365 quantum
484 1280 632 1342 Gradivus
648 1279 849 1344 Homericus:
873 1281 976 1360 Audis,

134 1389 260 1473 Jupiter,
273 1389 350 1462 lene,
365 1406 422 1448 nec
436 1385 518 1448 labra
532 1405 644 1460 moves,
660 1405 752 1466 quum
766 1385 882 1448 mittere
897 1407 1003 1452 vocem

135 1493 303 1564 Debueras
318 1490 366 1550 vel
380 1507 563 1550 marmoreus
578 1488 625 1547 vel
640 1486 776 1550 aeneus?
800 1502 917 1552 auteur
1048 1495 1107 1554 rrt

136 1597 172 1660 ln
186 1595 314 1658 carbone
327 1606 377 1654 tuo
392 1588 494 1652 chartis
508 1590 557 1671 pia
571 1590 657 1652 thura
672 1590 767 1652 solutis

137 1699 290 1771 Ponimus,
305 1709 336 1756 et
350 1711 463 1756 sectum
477 1693 556 1754 vituli
566 1693 663 1776 jecur,
680 1697 805 1778 aibaque
820 1697 902 1778 porei

138 1798 294 1868 Omenta?
317 1812 348 1860 ut
362 1798 459 1873 video,
474 1796 586 1858 nullum
601 1797 757 1862 discrimen
773 1799 942 1864 habendum
957 1814 1002 1864 es

138 1905 262 1990 Effigies
273 1905 348 1966 inter
362 1915 473 1964 vestras
488 1913 672 1984 statuamque
687 1901 816 1986 Vagelli.
1035 1969 1043 1983 ,

179 2010 310 2092 Accipe,
322 2027 386 2089 quc
401 2004 503 2067 contri
516 2005 614 2066 valeat
628 2006 729 2070 solatia
744 2005 830 2083 serre,
1047 2012 1109 2070 tao

138 2115 181 2178 Et
195 2114 244 2197 qui
258 2133 316 2174 neo
330 2109 463 2190 Cynicos
477 2129 535 2170 nee
551 2108 653 2170 Stoica
669 2110 807 2188 dogmata
821 2110 891 2192 legit

136 2219 168 2280 A
182 2214 305 2298 Cynicis
319 2210 419 2276 tunicii
432 2210 588 2286 distentia3
610 2231 669 2270 non
684 2209 850 2290 Epicurum

136 2319 266 2402 Suspicit
280 2316 379 2396 exigui
392 2316 491 2376 laetum
504 2310 683 2396 plantaribus
697 2311 783 2371 horti.

134 2423 284 2486 Cureutur
297 2419 378 2481 dubii
393 2413 516 2478 medicis
530 2411 689 2492 majoribus
705 2413 772 2495 aegri
784 2435 794 2492 3

132 2526 186 2592 Tu
201 2545 308 2586 venam
322 2521 371 2582 vel
385 2515 527 2598 discipulo
542 2515 693 2578 committe
709 2517 848 2602 Philippi.
1047 2529 1107 2588 125

138 2628 172 2691 Si
187 2625 298 2688 nullum
312 2623 342 2683 in
357 2617 440 2682 terris
454 2631 515 2680 tam
530 2617 702 2692 detestabile
717 2621 828 2685 sactum

138 2728 289 2800 Ostendis,
303 2739 390 2788 taceo
402 2745 412 2801 5
432 2741 490 2785 uec
504 2722 610 2806 pugnis
624 2724 742 2788 cedere
757 2740 862 2808 pectus

135 2832 185 2896 Te
200 2846 277 2905 veto,
293 2851 349 2891 nee
361 2824 449 2909 plani
462 2825 571 2888 faciem
586 2830 767 2890 contundere
782 2829 891 2909 palmis,

137 2932 391 3015 Quandoquidem
406 2943 531 3011 accepto
545 2930 712 2994 claudenda
726 2944 770 2991 est
778 2930 871 3012 janua
883 2932 1005 3009 damno,

136 3036 180 3104 Et
193 3035 304 3118 majore
319 3032 426 3096 domus
440 3033 561 3116 gemitu,
576 3034 687 3117 majore
702 3034 826 3096 tumultu
1045 3043 1106 3102 180

136 3140 318 3222 Planguntur
329 3125 455 3213 nummi,
471 3137 561 3220 quim
574 3137 688 3199 sunere.
732 3135 833 3200 Nemo
848 3137 981 3202 dolorem

136 3241 237 3325 Fingit
250 3241 279 3302 in
294 3241 351 3304 hoe
365 3260 446 3313 casu,
461 3252 575 3300 vestem
590 3239 732 3301 diducere
748 3261 894 3306 summam

136 3345 311 3417 Contentus,
326 3360 436 3404 vexare
451 3339 553 3402 oculos
567 3341 691 3404 humore
707 3358 823 3409 coacte.

136 3448 273 3512 Ploratur
286 3443 425 3525 lacrymis
440 3443 547 3508 amisse
561 3445 688 3527 pecunia
701 3449 788 3512 veris.
