<?xml version="1.0" encoding="UTF-8"?>
<!DOCTYPE html PUBLIC "-//W3C//DTD XHTML 1.0 Transitional//EN"
    "http://www.w3.org/TR/xhtml1/DTD/xhtml1-transitional.dtd">
<html xmlns="http://www.w3.org/1999/xhtml" xml:lang="en" lang="en">
 <head>
  <title>
</title>
<meta http-equiv="Content-Type" content="text/html;charset=utf-8" />
  <meta name='ocr-system' content='tesseract 3.04.00' />
  <meta name='ocr-capabilities' content='ocr_page ocr_carea ocr_par ocr_line ocrx_word'/>
</head>
<body>
  <div class='ocr_page' id='page_1' title='image "./djuniijuvenalis09juvegoog_0040.png"; bbox 0 0 2534 4022; ppageno 0'>
   <div class='ocr_carea' id='block_1_1' title="bbox 594 374 763 426">
    <p class='ocr_par' dir='ltr' id='par_1_1' title="bbox 594 374 763 426">
     <span class='ocr_line' id='line_1_1' title="bbox 594 374 763 426; baseline -0.012 -1"><span class='ocrx_word' id='word_1_1' title='bbox 594 375 714 426; x_wconf 78' lang='lat' dir='ltr'>SATIRA</span> <span class='ocrx_word' id='word_1_2' title='bbox 729 374 763 423; x_wconf 87' lang='lat' dir='ltr'><strong>V.</strong></span> 
     </span>
    </p>
   </div>
   <div class='ocr_carea' id='block_1_2' title="bbox 160 523 1136 1861">
    <p class='ocr_par' dir='ltr' id='par_1_2' title="bbox 169 523 882 610">
     <span class='ocr_line' id='line_1_2' title="bbox 169 523 882 610; baseline -0.006 -24"><span class='ocrx_word' id='word_1_3' title='bbox 169 523 221 586; x_wconf 86' lang='lat' dir='ltr'><strong>Tu</strong></span> <span class='ocrx_word' id='word_1_4' title='bbox 236 525 286 588; x_wconf 83' lang='lat' dir='ltr'><strong>tibi</strong></span> <span class='ocrx_word' id='word_1_5' title='bbox 300 525 374 589; x_wconf 87' lang='lat' dir='ltr'><strong>liber</strong></span> <span class='ocrx_word' id='word_1_6' title='bbox 388 523 478 589; x_wconf 89' lang='lat' dir='ltr'>homo</span> <span class='ocrx_word' id='word_1_7' title='bbox 492 539 523 588; x_wconf 90' lang='lat' dir='ltr'><strong>et</strong></span> <span class='ocrx_word' id='word_1_8' title='bbox 535 525 614 610; x_wconf 79' lang='lat' dir='ltr'><strong>regis</strong></span> <span class='ocrx_word' id='word_1_9' title='bbox 627 523 750 588; x_wconf 83' lang='lat' dir='ltr'><strong>conviva</strong></span> <span class='ocrx_word' id='word_1_10' title='bbox 765 523 882 586; x_wconf 85' lang='lat' dir='ltr'><strong>videris.</strong></span> 
     </span>
    </p>

    <p class='ocr_par' dir='ltr' id='par_1_3' title="bbox 170 627 833 714">
     <span class='ocr_line' id='line_1_3' title="bbox 170 627 833 714; baseline -0.005 -23"><span class='ocrx_word' id='word_1_11' title='bbox 170 627 301 713; x_wconf 88' lang='lat' dir='ltr'>Captum</span> <span class='ocrx_word' id='word_1_12' title='bbox 316 642 345 692; x_wconf 88' lang='lat' dir='ltr'><strong>te</strong></span> <span class='ocrx_word' id='word_1_13' title='bbox 360 630 462 693; x_wconf 85' lang='lat' dir='ltr'><strong>nidore</strong></span> <span class='ocrx_word' id='word_1_14' title='bbox 474 652 534 694; x_wconf 84' lang='lat' dir='ltr'><strong>suae</strong></span> <span class='ocrx_word' id='word_1_15' title='bbox 549 643 633 714; x_wconf 80' lang='lat' dir='ltr'>putat</span> <span class='ocrx_word' id='word_1_16' title='bbox 646 630 694 692; x_wconf 85' lang='lat' dir='ltr'><strong>ille</strong></span> <span class='ocrx_word' id='word_1_17' title='bbox 710 629 833 692; x_wconf 84' lang='lat' dir='ltr'><strong>culinae:</strong></span> 
     </span>
    </p>

    <p class='ocr_par' dir='ltr' id='par_1_4' title="bbox 167 727 1053 820">
     <span class='ocr_line' id='line_1_4' title="bbox 167 727 1053 820; baseline -0.007 -24"><span class='ocrx_word' id='word_1_18' title='bbox 167 733 236 797; x_wconf 87' lang='lat' dir='ltr'><strong>Nec</strong></span> <span class='ocrx_word' id='word_1_19' title='bbox 252 734 328 797; x_wconf 63' lang='lat' dir='ltr'><strong>malie</strong></span> <span class='ocrx_word' id='word_1_20' title='bbox 344 734 500 820; x_wconf 81' lang='lat' dir='ltr'><strong>conjectat.</strong></span> <span class='ocrx_word' id='word_1_21' title='bbox 546 734 625 809; x_wconf 85' lang='lat' dir='ltr'><strong>Quis</strong></span> <span class='ocrx_word' id='word_1_22' title='bbox 639 734 717 796; x_wconf 84' lang='lat' dir='ltr'><strong>enim</strong></span> <span class='ocrx_word' id='word_1_23' title='bbox 728 747 788 796; x_wconf 85' lang='lat' dir='ltr'><strong>tam</strong></span> <span class='ocrx_word' id='word_1_24' title='bbox 803 732 910 806; x_wconf 84' lang='lat' dir='ltr'>nudus,</span> <span class='ocrx_word' id='word_1_25' title='bbox 927 742 958 792; x_wconf 92' lang='lat' dir='ltr'><strong>ut</strong></span> <span class='ocrx_word' id='word_1_26' title='bbox 971 727 1053 792; x_wconf 88' lang='lat' dir='ltr'><strong>illum</strong></span> 
     </span>
    </p>

    <p class='ocr_par' dir='ltr' id='par_1_5' title="bbox 166 837 897 924">
     <span class='ocr_line' id='line_1_5' title="bbox 166 837 897 924; baseline -0.001 -24"><span class='ocrx_word' id='word_1_27' title='bbox 166 837 221 901; x_wconf 90' lang='lat' dir='ltr'><strong>Bis</strong></span> <span class='ocrx_word' id='word_1_28' title='bbox 236 837 321 916; x_wconf 82' lang='lat' dir='ltr'>serat,</span> <span class='ocrx_word' id='word_1_29' title='bbox 337 839 498 904; x_wconf 79' lang='lat' dir='ltr'><strong>Etruscum</strong></span> <span class='ocrx_word' id='word_1_30' title='bbox 513 861 606 924; x_wconf 84' lang='lat' dir='ltr'>puero</span> <span class='ocrx_word' id='word_1_31' title='bbox 620 840 643 904; x_wconf 87' lang='lat' dir='ltr'><strong>si</strong></span> <span class='ocrx_word' id='word_1_32' title='bbox 659 838 779 922; x_wconf 83' lang='lat' dir='ltr'><strong>contigit</strong></span> <span class='ocrx_word' id='word_1_33' title='bbox 793 858 897 900; x_wconf 87' lang='lat' dir='ltr'><strong>aurum</strong></span> 
     </span>
    </p>

    <p class='ocr_par' dir='ltr' id='par_1_6' title="bbox 166 939 1136 1237">
     <span class='ocr_line' id='line_1_6' title="bbox 166 939 1136 1028; baseline -0.005 -24"><span class='ocrx_word' id='word_1_34' title='bbox 166 941 225 1006; x_wconf 89' lang='lat' dir='ltr'><strong>Vel</strong></span> <span class='ocrx_word' id='word_1_35' title='bbox 239 943 335 1006; x_wconf 90' lang='lat' dir='ltr'>nodus</span> <span class='ocrx_word' id='word_1_36' title='bbox 349 944 472 1021; x_wconf 77' lang='lat' dir='ltr'><strong>tannim,</strong></span> <span class='ocrx_word' id='word_1_37' title='bbox 488 959 517 1007; x_wconf 88' lang='lat' dir='ltr'><strong>et</strong></span> <span class='ocrx_word' id='word_1_38' title='bbox 532 945 646 1028; x_wconf 82' lang='lat' dir='ltr'><strong>signum</strong></span> <span class='ocrx_word' id='word_1_39' title='bbox 662 945 702 1006; x_wconf 78' lang='lat' dir='ltr'><strong>de</strong></span> <span class='ocrx_word' id='word_1_40' title='bbox 716 964 847 1027; x_wconf 83' lang='lat' dir='ltr'><strong>paupere</strong></span> <span class='ocrx_word' id='word_1_41' title='bbox 862 940 950 1004; x_wconf 88' lang='lat' dir='ltr'>loro?</span> <span class='ocrx_word' id='word_1_42' title='bbox 1076 939 1136 1000; x_wconf 81' lang='lat'><strong>165</strong></span> 
     </span>
     <span class='ocr_line' id='line_1_7' title="bbox 167 1045 996 1134; baseline -0.004 -25"><span class='ocrx_word' id='word_1_43' title='bbox 167 1045 246 1130; x_wconf 88' lang='lat' dir='ltr'>Spes</span> <span class='ocrx_word' id='word_1_44' title='bbox 261 1049 337 1111; x_wconf 88' lang='lat' dir='ltr'>bene</span> <span class='ocrx_word' id='word_1_45' title='bbox 353 1048 491 1112; x_wconf 80' lang='lat' dir='ltr'><strong>coenandi</strong></span> <span class='ocrx_word' id='word_1_46' title='bbox 506 1069 559 1111; x_wconf 84' lang='lat' dir='ltr'><strong>vos</strong></span> <span class='ocrx_word' id='word_1_47' title='bbox 574 1049 695 1134; x_wconf 81' lang='lat' dir='ltr'><strong>decipit.</strong></span> <span class='ocrx_word' id='word_1_48' title='bbox 740 1046 826 1111; x_wconf 83' lang='lat' dir='ltr'>Ecce</span> <span class='ocrx_word' id='word_1_49' title='bbox 842 1046 923 1110; x_wconf 82' lang='lat' dir='ltr'><strong>dabit</strong></span> <span class='ocrx_word' id='word_1_50' title='bbox 930 1045 996 1128; x_wconf 84' lang='lat' dir='ltr'><strong>jam</strong></span> 
     </span>
     <span class='ocr_line' id='line_1_8' title="bbox 166 1149 1001 1237; baseline -0.005 -23"><span class='ocrx_word' id='word_1_51' title='bbox 166 1151 325 1215; x_wconf 86' lang='lat' dir='ltr'><strong>Semesum</strong></span> <span class='ocrx_word' id='word_1_52' title='bbox 339 1153 482 1237; x_wconf 85' lang='lat' dir='ltr'><strong>leporem,</strong></span> <span class='ocrx_word' id='word_1_53' title='bbox 498 1167 586 1236; x_wconf 83' lang='lat' dir='ltr'><strong>atque</strong></span> <span class='ocrx_word' id='word_1_54' title='bbox 601 1152 709 1236; x_wconf 78' lang='lat' dir='ltr'><strong>aliquid</strong></span> <span class='ocrx_word' id='word_1_55' title='bbox 725 1153 764 1216; x_wconf 82' lang='lat' dir='ltr'><strong>de</strong></span> <span class='ocrx_word' id='word_1_56' title='bbox 778 1151 912 1216; x_wconf 84' lang='lat' dir='ltr'><strong>clunibus</strong></span> <span class='ocrx_word' id='word_1_57' title='bbox 927 1149 1001 1233; x_wconf 82' lang='lat' dir='ltr'><strong>apri.</strong></span> 
     </span>
    </p>

    <p class='ocr_par' dir='ltr' id='par_1_7' title="bbox 164 1256 928 1341">
     <span class='ocr_line' id='line_1_9' title="bbox 164 1256 928 1341; baseline 0 -23"><span class='ocrx_word' id='word_1_58' title='bbox 164 1256 214 1318; x_wconf 91' lang='lat' dir='ltr'><strong>Ad</strong></span> <span class='ocrx_word' id='word_1_59' title='bbox 229 1277 284 1319; x_wconf 89' lang='lat' dir='ltr'><strong>nos</strong></span> <span class='ocrx_word' id='word_1_60' title='bbox 293 1257 358 1341; x_wconf 87' lang='lat' dir='ltr'><strong>jam</strong></span> <span class='ocrx_word' id='word_1_61' title='bbox 373 1257 472 1320; x_wconf 87' lang='lat' dir='ltr'><strong>veniet</strong></span> <span class='ocrx_word' id='word_1_62' title='bbox 486 1257 581 1320; x_wconf 83' lang='lat' dir='ltr'><strong>minor</strong></span> <span class='ocrx_word' id='word_1_63' title='bbox 596 1257 689 1320; x_wconf 83' lang='lat' dir='ltr'><strong>altilis.</strong></span> <span class='ocrx_word' id='word_1_64' title='bbox 734 1256 809 1319; x_wconf 66' lang='lat' dir='ltr'><strong>Indi</strong></span> <span class='ocrx_word' id='word_1_65' title='bbox 821 1269 928 1340; x_wconf 75' lang='lat' dir='ltr'>parato</span> 
     </span>
    </p>

    <p class='ocr_par' dir='ltr' id='par_1_8' title="bbox 165 1357 838 1442">
     <span class='ocr_line' id='line_1_10' title="bbox 165 1357 838 1442; baseline -0.001 -22"><span class='ocrx_word' id='word_1_66' title='bbox 165 1357 338 1442; x_wconf 80' lang='lat' dir='ltr'>Intactoque</span> <span class='ocrx_word' id='word_1_67' title='bbox 353 1381 458 1424; x_wconf 87' lang='lat' dir='ltr'><strong>omnes</strong></span> <span class='ocrx_word' id='word_1_68' title='bbox 473 1373 504 1422; x_wconf 81' lang='lat' dir='ltr'><strong>et</strong></span> <span class='ocrx_word' id='word_1_69' title='bbox 517 1359 617 1422; x_wconf 83' lang='lat' dir='ltr'><strong>stricto</strong></span> <span class='ocrx_word' id='word_1_70' title='bbox 631 1379 709 1442; x_wconf 82' lang='lat' dir='ltr'>pane</span> <span class='ocrx_word' id='word_1_71' title='bbox 723 1359 838 1421; x_wconf 83' lang='lat' dir='ltr'><strong>tacetis.</strong></span> 
     </span>
    </p>

    <p class='ocr_par' dir='ltr' id='par_1_9' title="bbox 163 1459 1133 1650">
     <span class='ocr_line' id='line_1_11' title="bbox 163 1459 1133 1548; baseline -0.001 -24"><span class='ocrx_word' id='word_1_72' title='bbox 163 1460 219 1524; x_wconf 82' lang='lat' dir='ltr'>Ille</span> <span class='ocrx_word' id='word_1_73' title='bbox 233 1463 318 1548; x_wconf 84' lang='lat' dir='ltr'><strong>sapit,</strong></span> <span class='ocrx_word' id='word_1_74' title='bbox 334 1459 383 1544; x_wconf 94' lang='lat' dir='ltr'><strong>qui</strong></span> <span class='ocrx_word' id='word_1_75' title='bbox 398 1475 427 1526; x_wconf 83' lang='lat' dir='ltr'><strong>te</strong></span> <span class='ocrx_word' id='word_1_76' title='bbox 441 1461 484 1526; x_wconf 81' lang='lat' dir='ltr'><strong>sio</strong></span> <span class='ocrx_word' id='word_1_77' title='bbox 499 1462 597 1524; x_wconf 83' lang='lat' dir='ltr'><strong>utitur.</strong></span> <span class='ocrx_word' id='word_1_78' title='bbox 642 1461 753 1524; x_wconf 84' lang='lat' dir='ltr'><strong>Omnia</strong></span> <span class='ocrx_word' id='word_1_79' title='bbox 769 1459 850 1524; x_wconf 78' lang='lat' dir='ltr'><strong>serre</strong></span> <span class='ocrx_word' id='word_1_80' title='bbox 1071 1465 1133 1524; x_wconf 83' lang='lat'><strong>170</strong></span> 
     </span>
     <span class='ocr_line' id='line_1_12' title="bbox 163 1563 896 1650; baseline 0 -22"><span class='ocrx_word' id='word_1_81' title='bbox 163 1564 196 1628; x_wconf 89' lang='lat' dir='ltr'><strong>Si</strong></span> <span class='ocrx_word' id='word_1_82' title='bbox 210 1577 295 1650; x_wconf 84' lang='lat' dir='ltr'><strong>potes</strong></span> <span class='ocrx_word' id='word_1_83' title='bbox 310 1577 340 1628; x_wconf 91' lang='lat' dir='ltr'><strong>et</strong></span> <span class='ocrx_word' id='word_1_84' title='bbox 354 1565 458 1628; x_wconf 73' lang='lat' dir='ltr'><strong>debes.</strong></span> <span class='ocrx_word' id='word_1_85' title='bbox 502 1565 690 1630; x_wconf 83' lang='lat' dir='ltr'>Pulsandum</span> <span class='ocrx_word' id='word_1_86' title='bbox 702 1563 814 1628; x_wconf 81' lang='lat' dir='ltr'><strong>vertice</strong></span> <span class='ocrx_word' id='word_1_87' title='bbox 828 1585 896 1628; x_wconf 82' lang='lat' dir='ltr'>raso</span> 
     </span>
    </p>

    <p class='ocr_par' dir='ltr' id='par_1_10' title="bbox 160 1666 911 1752">
     <span class='ocr_line' id='line_1_13' title="bbox 160 1666 911 1752; baseline -0.003 -19"><span class='ocrx_word' id='word_1_88' title='bbox 160 1666 311 1733; x_wconf 84' lang='lat' dir='ltr'><strong>Praebebis</strong></span> <span class='ocrx_word' id='word_1_89' title='bbox 327 1667 505 1752; x_wconf 79' lang='lat' dir='ltr'>quandoque</span> <span class='ocrx_word' id='word_1_90' title='bbox 520 1681 618 1752; x_wconf 80' lang='lat' dir='ltr'><strong>caput,</strong></span> <span class='ocrx_word' id='word_1_91' title='bbox 633 1689 690 1734; x_wconf 83' lang='lat' dir='ltr'><strong>nec</strong></span> <span class='ocrx_word' id='word_1_92' title='bbox 705 1667 779 1732; x_wconf 79' lang='lat' dir='ltr'>dura</span> <span class='ocrx_word' id='word_1_93' title='bbox 793 1668 911 1734; x_wconf 81' lang='lat' dir='ltr'><strong>timebis</strong></span> 
     </span>
    </p>

    <p class='ocr_par' dir='ltr' id='par_1_11' title="bbox 160 1769 874 1861">
     <span class='ocr_line' id='line_1_14' title="bbox 160 1769 874 1861; baseline -0.003 -25"><span class='ocrx_word' id='word_1_94' title='bbox 160 1769 269 1857; x_wconf 80' lang='lat' dir='ltr'>Flagra</span> <span class='ocrx_word' id='word_1_95' title='bbox 283 1773 353 1860; x_wconf 83' lang='lat' dir='ltr'><strong>pati,</strong></span> <span class='ocrx_word' id='word_1_96' title='bbox 367 1772 413 1836; x_wconf 90' lang='lat' dir='ltr'><strong>his</strong></span> <span class='ocrx_word' id='word_1_97' title='bbox 427 1773 521 1856; x_wconf 87' lang='lat' dir='ltr'><strong>epulis</strong></span> <span class='ocrx_word' id='word_1_98' title='bbox 536 1786 566 1837; x_wconf 84' lang='lat' dir='ltr'><strong>et</strong></span> <span class='ocrx_word' id='word_1_99' title='bbox 579 1773 629 1840; x_wconf 89' lang='lat' dir='ltr'><strong>tali</strong></span> <span class='ocrx_word' id='word_1_100' title='bbox 645 1772 750 1861; x_wconf 73' lang='lat' dir='ltr'><strong>dignus</strong></span> <span class='ocrx_word' id='word_1_101' title='bbox 765 1771 874 1836; x_wconf 81' lang='lat' dir='ltr'><strong>amico.</strong></span> 
     </span>
    </p>
   </div>
   <div class='ocr_carea' id='block_1_3' title="bbox 0 0 1272 4022">
    <p class='ocr_par' dir='ltr' id='par_1_12' title="bbox 0 0 1272 4022">
     <span class='ocr_line' id='line_1_15' title="bbox 0 0 1272 4022; baseline 0 6"><span class='ocrx_word' id='word_1_102' title='bbox 0 0 1272 4022; x_wconf 95' lang='lat' dir='ltr'><strong> </strong></span> 
     </span>
    </p>
   </div>
  </div>
 </body>
</html>
