2534 4022
106 343 144 402 1ss
415 342 447 389 D.
464 342 558 392 JUNII
573 345 764 396 JuvaNALts

104 485 234 552 Securos
249 488 397 569 pendente
407 489 493 574 jubet
508 491 636 558 dormire
655 493 749 560 ruina.

103 591 273 654 Virendum
288 594 415 671 estillic,
433 596 480 661 ubi
496 597 575 661 nulla
583 598 736 675 incendia,
756 600 828 665 nulli

103 697 202 759 Nocte
219 712 324 762 metus.
370 698 439 762 Jem
455 702 548 784 poscit
563 725 681 786 aquarn,
691 705 756 790 jam
772 704 875 772 frivola
889 704 1026 770 transfert

102 799 258 884 Ucalegon
270 826 281 882 ;
302 805 430 872 tabulata
445 807 494 872 tibi
504 807 568 892 jam
583 811 668 874 tertie
682 808 818 874 sumant:
1023 815 1083 874 180

103 905 154 968 Tu
170 907 276 970 nescis.
322 909 403 978 Nam
419 911 442 974 si
457 913 598 994 gradihus
614 915 775 998 trepidatur
791 919 827 982 ab
842 917 919 994 imis,

104 1009 233 1076 Ultimus
249 1013 370 1090 ardebit,
387 1036 476 1098 quern
491 1019 590 1101 tegula
610 1020 673 1084 sola
686 1034 784 1086 tuetur

105 1116 135 1178 A
151 1117 258 1198 pluvia,
274 1119 378 1184 molles
393 1121 442 1184 ubi
457 1123 585 1188 reddunt
598 1145 655 1190 ova
670 1126 827 1190 columbe.

57 1307 62 1316 ν
105 1219 218 1284 Lectus
234 1237 296 1285 erat
311 1222 414 1288 Codro
429 1225 560 1291 Proculi
574 1229 678 1305 minor,
694 1231 806 1294 urceoli
823 1251 888 1307 sex,

105 1325 320 1390 Ornamentum
336 1330 431 1406 abaci,
447 1353 503 1394 neo
518 1354 577 1396 non
592 1348 622 1399 et
637 1336 777 1416 parvulus
792 1335 869 1399 inira
1027 1338 1086 1397 185

106 1428 284 1508 Cantharus,
301 1446 330 1495 et
344 1436 490 1498 recubans
505 1438 558 1498 sub
574 1439 684 1500 eodem
699 1461 847 1504 marmore
863 1439 977 1504 Chiron
992 1463 1000 1517 ;

62 1515 65 1526 ¹
104 1534 232 1618 Jamque
247 1550 330 1598 vetus
346 1537 468 1600 Graecos
483 1541 618 1600 servabat
632 1543 705 1602 cista
719 1543 842 1617 libellos,

108 1637 151 1702 Et
166 1639 260 1701 dlvina
278 1640 367 1722 Opici
382 1641 527 1704 rodebant
540 1643 671 1704 carmina
689 1665 799 1712 mures

109 1742 160 1805 Nil
174 1743 274 1806 habuit
289 1743 429 1806 Codrus:
453 1745 517 1827 quis
532 1745 611 1808 enim
627 1746 737 1828 negat?
762 1761 791 1810 et
806 1762 905 1810 tamen
921 1748 992 1810 illud

109 1847 246 1912 Perdidit
259 1849 360 1910 infelix
374 1863 466 1912 totum
483 1850 570 1912 nihil:
594 1851 711 1914 ultimus
727 1865 826 1914 autem
1028 1857 1088 1916 190

110 1953 262 2015 AErumnee
278 1955 423 2030 cumulus,
440 1954 518 2038 qubd
536 1955 658 2032 nudum,
675 1971 704 2020 et
720 1957 809 2020 frusta
825 1970 978 2039 rogantem

109 2043 211 2120 Nemo
226 2059 302 2135 cibo,
319 2079 406 2130 nemo
423 2060 556 2143 hospitio,
571 2073 710 2144 tectoque
723 2061 848 2146 juvabit.

113 2161 146 2222 Si
162 2184 268 2243 magne
283 2164 392 2226 Asturii
408 2164 515 2224 cecidit
531 2165 656 2226 domus:
679 2165 797 2230 horrida
814 2180 917 2241 mater,

111 2266 218 2327 Pullati
234 2288 383 2348 procerae,
399 2267 495 2328 differt
510 2268 676 2330 vadimonia
692 2282 808 2350 praetor.

112 2370 202 2433 Tunc
217 2371 362 2454 gemimus
376 2392 463 2432 casus
476 2369 577 2446 Urbis,
592 2386 663 2434 tunc
676 2371 793 2434 odimus
807 2372 917 2454 ignem.
1031 2377 1091 2436 195

115 2477 210 2538 Ardet
226 2477 334 2552 adhuc,
351 2475 452 2558 etjam
468 2475 604 2552 occurrit,
620 2476 670 2558 qni
685 2497 834 2538 marmora
850 2477 950 2552 donet,

116 2579 260 2642 Conferat
273 2581 432 2662 impensas.
480 2578 540 2641 Hic
556 2580 634 2642 nuda
649 2595 679 2642 et
694 2580 822 2643 candida
836 2580 928 2664 signa,

118 2683 179 2747 Hic
195 2685 302 2768 aliquid
320 2686 491 2768 praeclarum
508 2683 712 2768 Euphranoris
728 2701 757 2747 et
773 2685 931 2769 Polycleti,

119 2787 196 2851 Haec
212 2790 387 2852 Asianorum
403 2803 502 2854 vetera
517 2806 688 2852 ornamenta
703 2791 837 2864 deorum,

118 2893 179 2958 Hic
193 2893 282 2954 libros
297 2893 386 2967 dabit,
402 2907 432 2952 et
446 2891 564 2966 forulos,
581 2894 768 2974 mediamque
784 2892 961 2969 Minervam,
1030 2900 1095 2956 200

120 2995 182 3058 Hic
197 2995 328 3058 modium
345 2995 466 3076 argenti.
511 2995 636 3056 Meliora
649 3017 684 3058 ao
699 2997 781 3079 plura
796 2997 910 3078 reponit
941 2977 948 2996 l

121 3099 262 3162 Persicus
276 3100 416 3162 orborum
431 3099 608 3162 lautissimus
623 3115 652 3162 et
668 3101 771 3182 rneritb
781 3101 845 3184 jam

125 3205 298 3286 Suspectus,
314 3219 453 3286 tanquam
468 3205 531 3286 ipse
546 3227 613 3267 suas
628 3205 791 3268 incenderit
806 3206 895 3268 aedes

84 3313 85 3316 ’
124 3310 157 3372 Si
172 3323 255 3392 potes
270 3307 354 3369 avelli
370 3306 568 3383 Circensibus,
584 3307 696 3390 optima
712 3308 793 3370 Sorae

122 3415 185 3480 Aut
199 3412 377 3476 Fabrateriae
394 3411 498 3475 domus
514 3426 563 3476 aut
578 3402 742 3476 Frusinone
758 3428 883 3497 paratur,
1034 3424 1097 3481 205

126 3521 237 3599 Quanti
252 3540 330 3580 nnnc
346 3519 481 3582 tenebras
496 3539 586 3580 unum
602 3517 744 3582 conducis
761 3518 791 3582 iu
806 3541 925 3588 aunum.
