2534 4022
554 375 766 476 srmrmn.
1105 397 1142 458 61

168 511 344 580 Dummodo
358 538 418 582 non
431 489 536 604 flereat
549 516 674 592 totidem
688 531 824 598 olfecisse
839 535 985 618 lucernas,
1081 547 1144 605 225

169 614 253 692 Quot
263 622 380 686 stabant
393 627 488 709 pueri,
505 649 595 711 quum
609 647 687 698 totus
702 637 824 704 decolor
839 657 918 707 esset

169 718 309 803 Flaccus,
326 740 356 790 et
369 729 496 794 hereret
509 733 593 817 nigro
607 735 699 822 fuligo
712 741 841 807 Maroni.

167 823 253 890 Rara
266 843 367 894 tamen
383 823 512 914 merces,¹
526 858 590 923 quae
606 845 773 927 cognitione
789 849 894 916 tribuni

169 926 241 992 Non
256 950 353 1016 egeat.
400 937 464 1002 Sed
480 963 533 1006 vos
546 965 643 1011 saevas
657 949 797 1035 imponite
811 953 906 1040 leges

167 1030 212 1097 Ut
224 1042 404 1124 praeceptori
419 1047 579 1112 verborum
593 1054 695 1136 regula
711 1073 835 1138 constet,
1080 1079 1145 1136 230

166 1131 211 1198 Ut
224 1137 305 1222 legat
318 1141 462 1222 historias,
478 1163 615 1218 auctores
628 1160 743 1222 noverit
757 1183 872 1243 omnes,

166 1235 326 1324 Tanquam
342 1255 455 1330 ungues
470 1253 634 1340 digitosque
649 1283 738 1344 suos3
761 1281 793 1330 ut
807 1268 882 1334 sorte
896 1290 1025 1359 rogatus,

167 1339 252 1406 Dum
263 1347 337 1428 petit
352 1365 402 1414 aut
415 1353 545 1420 thermas
560 1375 611 1423 aut
625 1363 735 1429 Phoehi
751 1371 865 1450 balnea,
880 1377 960 1442 dicat
1022 1376 1028 1386 ⁴

166 1443 326 1512 Nutricem
341 1452 491 1535 Anchisae,
505 1481 614 1526 nomen
627 1469 810 1556 patriamque
824 1499 960 1546 novercae

164 1550 364 1637 Anchemoli;
387 1561 476 1641 dicat,
492 1580 563 1649 quot
576 1567 704 1639 Acestes
718 1577 824 1645 vixerit
838 1605 940 1667 annos,
1077 1601 1141 1661 235

165 1651 250 1729 Quot
265 1658 383 1726 Siculus
398 1663 567 1752 Phrygibus
581 1675 638 1738 vini
655 1678 920 1757 donaveritumas.

163 1756 296 1846 Exigite,
312 1779 343 1830 ut
357 1789 456 1837 mores
469 1786 588 1842 teneros
602 1803 659 1846 ceu
671 1786 778 1868 pollice
793 1793 892 1876 ducat,

162 1859 206 1926 Ut
220 1866 244 1928 si
260 1869 324 1951 quis
339 1872 411 1935 ceria
424 1877 537 1943 vultum
551 1881 643 1948 sacit:
665 1891 784 1976 exigite,
800 1912 832 1962 ut
846 1903 883 1966 sit

161 1963 204 2031 Et
218 1984 302 2054 pater
316 1974 407 2057 ipsius
421 1982 527 2060 coms,
543 2007 582 2050 ne
597 1994 693 2074 turpia
707 1997 867 2064 ludant.-

161 2069 250 2150 Haec,
264 2076 367 2159 inquit,
383 2079 493 2164 cures3
516 2101 556 2165 et,
572 2111 663 2174 quum
678 2117 711 2160 se
726 2106 845 2170 verterit
860 2130 963 2192 annus,
1070 2126 1136 2188 240

158 2173 286 2262 Accipe,
300 2180 403 2246 victori
417 2191 542 2273 populus
557 2199 636 2282 quod
652 2207 788 2286 postulat,
804 2233 919 2281 aurum.

510 2637 674 2722 'SATIRA
694 2661 779 2730 VIII.

157 2837 335 2908 Samma
349 2851 420 2932 quid
436 2852 569 2924 iaciunt?
592 2866 663 2950 quid
677 2875 808 2956 prodest,
824 2880 961 2969 Pontice,
975 2895 1063 2984 longo

157 2941 308 3030 Sanguine
317 2959 444 3035 censeri,
459 2962 613 3051 pictosque
627 2979 785 3046 ostendere
799 2989 895 3056 vultus

155 3043 316 3134 Majorum,
332 3071 362 3121 et
376 3073 486 3128 stantes
500 3067 529 3130 in
544 3074 677 3140 curribus
687 3081 874 3172 AEmiliancs,

156 3145 200 3214 Et
214 3151 323 3222 Curios
332 3160 397 3244 jam
413 3166 559 3252 dimidios,
574 3176 774 3271 humerosque
789 3195 934 3270 minorem

156 3249 331 3338 Corvinum,
347 3279 378 3328 et
393 3267 521 3339 Galbam
537 3281 673 3351 auriculis
688 3311 821 3381 nasoque
835 3315 1011 3380 carentem?
1110 3333 1129 3389 5

156 3353 235 3429 Quis
249 3357 360 3431 fructus
373 3377 490 3454 generis
504 3383 603 3450 tabuld
612 3389 728 3474 jactare
744 3408 849 3486 capaci

155 3456 330 3547 Corvinum,
346 3479 468 3556 posthac
483 3484 575 3554 multi
590 3497 761 3586 contingere
776 3508 859 3596 virgei

154 3559 303 3637 Fumosos
319 3578 449 3660 equiturn
465 3607 535 3653 cum
550 3593 693 3740 dicgamre
707 3611 871 3694 magistros,
