2532 4008
494 353 501 380 ¹
566 342 750 396 snrlkartl.
781 365 784 372 ⁴
804 367 807 373 ·

166 499 337 583 Figendum
352 512 382 562 et
395 499 521 562 memori
535 497 722 562 tractandum
737 505 874 578 pectore,
884 477 945 586 sire

165 603 345 688 Conjugium
361 597 546 687 quaeras„vel
562 589 637 664 sacri
652 603 681 662 i'n
696 613 779 683 parte
795 595 914 661 senatbs

166 707 244 772 Esse
259 709 351 771 velis:
370 697 433 769 'neo
448 699 529 768 enim
542 693 665 766 loricim
681 703 776 786 poscit
790 701 914 763 Achillis

166 811 332 888 Thersites,
347 813 376 873 in
393 801 498 894 quisse
514 798 725 872 transducebat
738 805 865 888 Ulyxes.
894 825 897 833 “

170 918 340 1000 Ancipitem
355 933 407 978 seu
422 929 454 976 tu
469 935 579 997 magno
595 913 763 976 discrimine
779 909 900 975 causam

169 1021 334 1104 Protegere
350 1021 493 1099 affectas3
515 1033 545 1082 te
561 1007 694 1095 consule,
711 1019 759 1080 dic
773 1019 834 1094 tibi,
852 1017 901 1100 qui
916 1017 964 1090 sis,

171 1124 279 1188 Orator
294 1125 519 1200 vehemens-en
532 1123 653 1186 Curtius
668 1136 698 1185 et
713 1121 818 1186 Matho
832 1124 952 1185 buccae.
975 1188 976 1191 ,

171 1225 334 1292 Noscenda
349 1243 394 1292 est
409 1243 548 1291 mensura
562 1229 606 1290 sui
622 1210 843 1310 spectandaque
859 1228 949 1289 rebus
1002 1226 1004 1231 ’
1039 1209 1041 1216 ,

172 1332 209 1396 ln
224 1334 345 1395 summis
360 1334 556 1415 minimisque,
573 1329 662 1394 etiarn
678 1353 769 1414 quum
784 1333 878 1415 piscis'
888 1345 1001 1392 emetur
1015 1353 1024 1406 ;

174 1435 226 1498 Ne
241 1437 363 1498 mullum
378 1437 490 1518 cupias,
507 1457 596 1518 quum
613 1436 649 1497 sit
662 1436 713 1496 tibi
727 1436 815 1517 'gobio
830 1435 941 1496 tantum

175 1539 210 1602 In
224 1541 337 1602 loculis.
383 1539 461 1613 Quis
476 1540 555 1602 enim
569 1553 608 1616 te,
626 1540 784 1602 deficiente
799 1541 951 1618 cremend,

177 1645 220 1708 Et
233 1659 387 1708 crescente
403 1645 481 1729 guid,
498 1662 598 1708 manet
614 1646 720 1722 exitus,
736 1661 931 1729 aerepaterno
979 1689 982 1696 Δ

178 1750 226 1814 Ac
241 1752 329 1813 rebus
343 1750 446 1816 mersis
461 1751 490 1812 in
506 1764 651 1828 ventrem,
666 1750 788 1816 foenoris
803 1765 890 1837 etque
907 1773 910 1780 ’
1003 1790 1005 1798 ·

180 1855 302 1936 Argenti
318 1857 413 1936 gravis
428 1869 458 1917 et
471 1878 615 1938 pecorum
632 1837 829 1940 agrorumque
846 1859 1015 1940 capacem?
1116 1873 1119 1880 '

179 1957 304 2020 Talibus
319 1981 337 2020 a
352 1960 477 2022 dominis
485 1975 556 2042 post
568 1975 679 2024 ‘cuncta
693 1961 866 2026 novissimus
882 1963 942 2028 exit

182 2061 326 2135 Anneius,
342 2076 372 2123 et
386 2063 477 2144 digito
493 2055 644 2125 mendicat
657 2063 755 2127 Pollio
770 2067 862 2129 nudo,

182 2161 255 2228 Non
269 2166 434 2248 praematuri
449 2167 573 2244 cineres,
589 2189 647 2232 nec
663 2169 749 2234 sunus
765 2173 907 2238 acerbum

147 2353 152 2362 x
184 2267 351 2348 Luxuriae3
374 2271 427 2333 sed
443 2285 537 2334 morte
553 2272 646 2357 magis
662 2279 822 2342 metuenda
838 2296 985 2346 senectus.

184 2371 227 2435 Hi
243 2375 416 2459 plerbmque
432 2377 562 2458 gradus:
583 2382 732 2444 conducta
747 2386 874 2465 pecunia
889 2387 996 2448 Romae

185 2477 227 2541 Et
242 2501 343 2540 coram
359 2480 484 2542 dominis
499 2484 699 2545 consumiturz
724 2486 793 2546 inde
810 2487 859 2548 ubi
874 2491 1005 2571 paultim,

186 2581 300 2644 Nescio
316 2583 402 2664 quid,
411 2600 554 2666 superest,
570 2601 599 2648 et
613 2589 702 2670 pallet
717 2589 836 2654 soenoris
852 2609 963 2670 auctor,
987 2599 991 2608 '
1024 2657 1026 2664 ,

187 2683 251 2758 Qui
265 2686 380 2746 vertdre
394 2687 502 2762 solum,
517 2687 608 2751 Baias
624 2705 653 2752 et
671 2693 708 2752 ad
724 2708 821 2756 ostrea
835 2711 967 2760 currunt.

187 2785 309 2850 Cedere
324 2811 452 2872 namque
469 2790 532 2854 soro
541 2792 605 2876 jam
621 2811 736 2858 nonest
751 2797 890 2877 deterius
907 2801 996 2886 quirin

188 2891 338 2974 Esquilias
353 2892 508 2957 aferventi
523 2891 649 2979 migrare
667 2899 795 2964 Suburd.

188 2993 241 3056 Ille
257 2996 341 3057 dolor
355 2997 433 3058 solus
449 3001 573 3080 patriam
589 3000 776 3084 fugientibus,
791 3007 840 3072 itta

190 3099 331 3163 Moestitia
346 3115 400 3178 est,
416 3101 546 3167 caruisse
563 3125 639 3168 auno
655 3103 848 3175 Circensibus
863 3137 932 3179 uno.

192 3203 348 3287 Sanguinis
362 3207 391 3268 iu
407 3206 483 3271 sacie
498 3231 557 3272 non
573 3211 664 3274 haeret
679 3213 760 3298 gutta
772 3237 788 3276 :¹
805 3229 954 3286 morantur

192 3305 287 3372 Pauci
303 3311 457 3375 ridiculum
472 3311 661 3398 effugientem
677 3337 717 3380 ex
731 3317 824 3383 Urbe*
836 3326 990 3407 pudorem.

235 3411 402 3497 Experiere
417 3417 516 3495 hodie,
530 3423 661 3504 nunquid
676 3403 873 3506 pulcherrima
888 3430 978 3506 dictu,

193 3519 327 3596 Persice,
342 3540 400 3582 non
415 3536 550 3604 praestem
566 3525 634 3604 vitai,
649 3529 698 3590 vel
712 3514 841 3594 moribus
857 3539 936 3595 et're·
945 3555 955 3617 3
998 3511 1000 3519 Ι
1029 3507 1032 3530 ²

474 3626 516 3690 gs
