2534 4022
131 355 174 414 40
448 351 480 398 D.
496 351 590 400 JUNll
606 351 798 401 JUVENALIS

130 495 226 577 Uxor,
243 499 373 584 quisquis
388 500 442 562 erit
456 501 550 563 bonus
564 501 770 584 optandusque
786 499 917 564 maritus.
1045 503 1105 564 165

128 603 180 665 Nil
193 625 323 688 unquam
339 602 428 666 invitb
442 603 565 667 donabis
579 605 705 689 conjuge
719 628 727 667 ε
750 606 863 668 vendes

129 705 199 770 Halo
214 709 348 770 obstante
364 707 455 770 nihil:
478 709 556 785 nihil,
572 709 636 772 haec
651 710 675 772 si
689 711 780 785 nolet,
795 723 923 772 emetur.

128 809 209 875 Haec
225 813 306 876 dabit
321 813 466 876 affectus:
488 814 536 876 ille
553 813 729 876 excludetur
743 815 856 878 anricus
882 802 885 810 ¹

127 914 195 978 Jarn
211 917 318 994 senior,
334 916 418 1002 cujus
434 918 556 980 barbam
571 933 622 980 tua
630 918 723 1002 janua
736 919 817 981 vidit.

126 1019 270 1084 Testandi
287 1043 379 1105 quum
395 1023 431 1085 sit
445 1023 598 1084 lenonibus
614 1035 703 1105 atque
718 1023 827 1085 lanistis
1042 1031 1101 1087 170

127 1123 273 1202 Libertas,
290 1141 319 1190 et
328 1127 403 1214 juris
419 1128 499 1190 idem
514 1126 663 1209 contingat
679 1147 775 1190 arenae
789 1150 798 1206 3

125 1229 195 1292 Non
211 1253 286 1293 unus
301 1233 351 1296 tibi
366 1232 464 1295 rivalis
478 1231 635 1294 dictabitur
649 1232 754 1294 hares.

125 1331 211 1397 Pone
226 1357 347 1399 crucem
364 1359 460 1400 servo.
506 1337 616 1400 Mersit
632 1359 690 1421 quo
705 1337 827 1400 crimine
842 1359 944 1401 servus

126 1439 335 1524 Supplicium?
359 1443 423 1525 quis
438 1443 520 1506 testis
535 1441 644 1506 adest?
667 1441 731 1526 quis
746 1439 872 1505 detulit?
918 1441 1018 1506 Audi:

125 1544 216 1608 Nulla
231 1567 360 1630 unquam
377 1547 415 1608 de
427 1561 522 1610 morte
536 1547 662 1622 hominis
676 1547 823 1609 cunctatio
837 1546 924 1627 longa
939 1559 994 1609 est.
1035 1551 1072 1606 17
1076 1551 1094 1608 5

125 1647 155 1711 Ο
170 1650 304 1727 demens,
319 1651 359 1713 ita
373 1671 476 1714 servus
491 1653 582 1716 homo
598 1650 663 1715 est?
687 1651 726 1712 nil
741 1648 854 1724 lecerit,
869 1662 954 1712 esto:

125 1751 195 1816 Hoc
210 1756 287 1831 volo,
303 1756 345 1818 sie
354 1756 458 1841 jubeo,
473 1758 508 1820 sit
522 1779 576 1842 pro
590 1758 702 1820 ratione
718 1753 861 1816 voluntas.

166 1859 297 1944 Imperat
309 1883 382 1945 ergo
394 1863 477 1943 viro3
499 1863 552 1926 sed
572 1885 644 1926 mox
659 1861 722 1922 baec
738 1878 829 1939 regna
843 1855 987 1940 relinquit,

123 1963 337 2050 Permutatque
353 1969 468 2044 domos,
484 1984 513 2032 et
528 1968 667 2032 flammea
682 1962 826 2027 conterit:
847 1961 916 2024 inde

121 2069 259 2148 Advolat,
275 2087 305 2135 ct
320 2075 409 2158 spreti
424 2075 529 2159 repetit
543 2073 665 2154 vestigia
680 2069 760 2133 lecti.
1034 2071 1095 2130 180

121 2171 248 2238 Ornatas
263 2179 351 2259 panlb
367 2179 434 2242 antb
450 2178 537 2253 sores,
554 2173 713 2259 pendentia
727 2175 829 2255 linquit

120 2276 198 2340 Vela
213 2281 329 2360 dumbs,
347 2298 377 2346 et
392 2285 489 2346 adbuc
504 2281 611 2343 virides
625 2279 654 2340 in
670 2278 769 2340 limine
785 2298 896 2339 rarnos.

12 2392 15 2405 ¹
122 2383 173 2446 Sic
189 2375 294 2451 erescit
308 2410 468 2466 nunterns3
491 2387 533 2448 sic
549 2385 621 2446 fiunt
635 2396 704 2444 octo
720 2381 814 2443 mariti

121 2488 262 2576 Quinque
274 2515 328 2578 per
344 2507 519 2556 autumnos:
541 2489 623 2551 titulo
638 2509 686 2550 res
701 2487 790 2570 digna
804 2487 940 2570 sepulcri.

162 2595 359 2681 Desperanda
374 2596 424 2656 tibi
440 2593 521 2656 salvb
535 2593 694 2655 concordia
709 2613 818 2654 socru:
1033 2597 1093 2654 185

118 2701 171 2764 llla
187 2704 276 2766 docet
291 2699 389 2784 spoliis
404 2699 473 2762 nudi
489 2699 620 2782 gaudere
635 2697 750 2777 mariti3
845 2703 848 2708 “

4 2793 12 2857 1
117 2807 171 2868 Illa
187 2807 286 2881 docet,
302 2805 398 2868 missis
414 2827 431 2868 a
446 2820 617 2888 corruptore
634 2805 757 2878 tabellis,

118 2911 170 2973 Nil
189 2910 275 2985 rude,
291 2930 348 2970 nec
359 2909 485 2992 simplex
500 2909 682 2972 rescribere:
705 2907 815 2991 decipit
830 2908 877 2970 illo

4 2993 11 3029 ¹¹
118 3013 280 3090 Custodes,
297 3027 347 3076 aut
361 3035 418 3077 aere
434 3016 556 3078 domat:
578 3029 648 3078 tunc
663 3035 788 3098 corpore
803 3037 875 3076 sano

116 3120 253 3183 Advocat
269 3121 469 3204 Archigenen,
484 3142 669 3204 onerosaque
685 3119 771 3202 pabia
782 3119 884 3202 jactat.
966 3115 973 3134 ³

6 3254 11 3265 ·
116 3225 246 3287 Abditas
261 3225 373 3289 interea
387 3227 458 3289 latet
473 3241 503 3289 et
517 3239 650 3290 secretus
661 3223 832 3285 adulter.-
890 3227 894 3236 '

7 3380 11 3391 t
116 3329 239 3394 Scilicet
254 3345 421 3415 exspectas,
437 3345 468 3392 ut
482 3329 576 3392 tradat
591 3342 684 3390 mater
699 3327 839 3392 honestos

114 3435 213 3518 Atque
230 3436 301 3498 alios
315 3457 424 3511 mores,
441 3434 528 3518 quain
545 3455 619 3516 quos
633 3431 747 3496 habet?
771 3433 840 3495 utile
856 3433 945 3517 porrd
1004 3410 1007 3415 ι

111 3535 248 3601 Filiolam
264 3540 340 3624 turpi
356 3540 459 3602 vetulae
475 3540 641 3623 producere
657 3551 785 3626 turpent.
