2532 4008
550 315 676 366 strum
691 315 766 366 xnr.
840 377 844 386 Δ
1098 323 1155 380 101

180 459 363 537 Visceribus,
379 483 497 524 sacrum
509 462 562 524 tibi
578 463 659 545 quod
674 485 733 526 non
748 461 854 525 reddat
873 461 987 526 amicus
1118 469 1157 526 15

182 562 370 647 Depositum.
417 565 524 648 Stupet
537 567 612 642 brec,
628 567 677 648 qui
687 567 752 650 jam
765 579 833 650 post
845 579 929 650 terge
943 561 1059 650 reliqm

183 665 346 749 Sexaginta
360 689 461 743 annos,
477 667 605 730 Fonteio
620 668 752 732 Consule
768 670 877 734 uatus?
933 711 937 716 -

183 770 234 832 An
248 771 319 832 nihil
333 772 362 832 in
377 772 481 834 melius
495 783 538 834 tot
550 792 650 834 rerum
665 773 782 854 proficis
797 773 877 836 usu?

183 869 295 954 Magna
310 874 441 956 quidem,
456 874 545 938 sacris
560 894 628 957 quae
645 875 696 938 dat
709 889 858 958 precepta
871 875 984 951 libellis,

184 973 301 1039 Victrix
315 976 457 1040 Fortunae
475 979 635 1062 Sapientia.
681 978 829 1040 Ducimus
844 990 943 1042 autem

175 1077 252 1168 ¹Hos
267 1102 384 1165 quoque
399 1081 510 1159 felices,
526 1083 575 1165 qui
590 1081 668 1146 serre
682 1083 871 1146 incommoda
885 1083 962 1158 vitae,

185 1183 254 1247 Nec
263 1184 377 1266 jactare
387 1186 503 1269 jugum,
517 1186 577 1248 vitai
591 1186 723 1248 didicere
738 1185 886 1267 magistris.

230 1286 307 1359 Quae
322 1301 384 1350 tam
398 1289 473 1350 festa
487 1289 560 1364 dies,
576 1302 607 1349 ut
620 1302 717 1350 cesset
731 1289 857 1370 prodere
872 1288 979 1366 iurem,

187 1389 360 1465 Perfidiam,
374 1390 504 1466 fraudes,
519 1405 607 1473 atque
621 1392 701 1452 omni
717 1411 755 1452 ex
771 1391 893 1452 erimine
907 1391 1022 1454 lucrum

186 1492 362 1568 Quaesitum‚
378 1507 407 1554 et
421 1507 520 1575 partos
534 1494 632 1576 gladio
647 1495 692 1556 vel
708 1494 820 1576 pyxide
835 1495 997 1558 nummos?

187 1595 261 1658 Rari
276 1597 384 1680 quippe
398 1597 487 1658 boui:
509 1619 649 1660 numerus
665 1599 714 1660 vix
728 1611 773 1660 est
786 1599 920 1674 totidem,
935 1613 1007 1683 quot

186 1698 361 1762 Thebarum
376 1715 475 1783 porte,
490 1703 537 1764 vel
552 1702 646 1764 divitis
660 1703 733 1764 ostie
748 1703 820 1766 Nili.

185 1803 276 1866 Nona
291 1819 360 1866 aetas
375 1807 476 1888 agitur,
491 1795 651 1889 pejoraque
667 1807 773 1868 saecula
788 1806 857 1868 lerri

187 1906 397 1990 Temporibus
413 1930 537 1991 quorum
552 1909 657 1970 sceleri
671 1931 729 1972 non
744 1909 853 1972 invenit
865 1909 929 1992 ipsa

187 2010 319 2084 Nomen,
335 2024 365 2071 et
378 2031 396 2070 a
411 2011 491 2070 nullo
505 2010 601 2090 posuit
615 2023 717 2070 natura
731 2011 861 2070 metallo.

187 2112 254 2174 Nos
268 2113 420 2174 hominum
435 2110 594 2194 divquue
609 2111 700 2174 fidem
715 2111 845 2174 clamore
862 2113 985 2190 memus,

188 2213 310 2288 Quanto
325 2215 490 2277 Faesidium
504 2214 604 2277 laudat
618 2215 728 2276 vocalis
743 2228 879 2297 agentem

188 2317 337 2400 Sportula.
382 2318 453 2394 Die,
470 2319 576 2393 senior,
592 2317 672 2380 hullt
685 2318 863 2400 dignissime,
878 2322 986 2398 nescis,

187 2422 273 2498 Quas
287 2425 395 2485 habeat
408 2443 534 2484 veneres
549 2423 643 2483 aliena
657 2423 805 2503 pecunia?
829 2423 933 2499 nescis,

184 2525 289 2599 Quem
303 2541 354 2587 tua
368 2525 536 2608 simplicitas
550 2525 640 2587 risum
655 2525 741 2606 vulgo
756 2539 884 2602 moveat,
901 2545 992 2610 quum

186 2629 293 2710 Exigis
308 2649 326 2688 a
340 2648 498 2708 quoquam,
513 2648 551 2687 ne
566 2627 688 2707 pejeret,
703 2641 733 2688 et
747 2642 829 2708 putet
843 2631 908 2693 ullis

186 2731 265 2794 Esse
280 2729 399 2812 aliquod
413 2749 522 2790 numen
538 2729 653 2809 templis
668 2747 784 2810 araeque
798 2730 935 2792 rubenti?

185 2834 347 2908 Quondam
362 2833 419 2893 hoc
435 2830 577 2912 indigene
592 2831 729 2892 vivebant
742 2852 837 2906 more,
851 2832 931 2914 priris
946 2837 1034 2919 quem

187 2937 327 2999 Sumeret
341 2947 488 3016 agrestem
502 2934 595 3015 posito
608 2934 776 2996 diademate
791 2933 899 2999 falcem

186 3039 329 3103 Saturnus
343 3037 479 3119 lugiens;
500 3048 580 3110 tunc,
596 3056 687 3116 quum
701 3038 870 3117 virguncula
884 3037 973 3116 June,

184 3142 228 3205 Et
240 3143 370 3225 privatus
384 3141 482 3203 adbuc
495 3139 581 3202 ldaeis
595 3137 710 3220 Jupiter
725 3139 824 3202 antris.

185 3244 277 3306 Nulla
291 3266 379 3326 super
393 3245 487 3306 nubes
501 3241 632 3306 convivia
644 3242 854 3320 coelicolarum,

185 3345 255 3409 Nec
269 3368 344 3429 puer
357 3347 471 3423 Iliacus,
487 3347 615 3409 formosa
629 3368 686 3410 nec
697 3345 838 3410 Herculis
852 3366 929 3414 uxor

183 3450 235 3514 Ad
250 3451 383 3535 cyathos,
399 3453 500 3536 etjam
513 3451 626 3572 siocgto
640 3465 760 3515 nectare
774 3463 892 3535 tergens
