2534 4022
612 377 737 428 surina
752 377 801 432 111.

164 573 176 598 a
216 533 393 596 Sermonem
401 531 529 606 indocti,
543 528 650 594 faeiem
667 526 806 596 deformis
822 523 920 599 amini,

216 637 257 700 Et
271 635 523 720 longum'invalidi
538 635 646 700 eoilurn
661 632 826 696 cervicibus
840 642 937 712 aequat

215 741 365 818 Herculis,
380 743 516 804 Antaeum
532 740 635 824 procul
650 761 667 802 a
681 739 785 801 tellure
801 735 925 800 tenentis
937 734 996 798 ἓ·-

214 846 299 911 'Hoec
314 848 421 911 eadem
436 847 506 910 lieet
520 860 551 910 et
565 845 650 909 nobis
663 844 807 914 laudare:
830 843 884 906 sed
899 841 953 907 iilis
1153 839 1196 898 90

217 951 581 1016 Creditum-Antiochus
593 973 652 1014 nee
668 949 723 1012 erit
738 948 875 1010 mirabilis
890 946 948 1009 illio

218 1059 280 1121 Aut
296 1057 467 1132 Simonias,
482 1071 533 1120 eut
547 1077 619 1118 cnm
633 1056 713 1118 moili
727 1053 901 1116 Demetrius
918 1051 1037 1116 Haemo·

218 1162 309 1225 Natio
324 1163 464 1228 oomoeda
479 1175 534 1224 est.
580 1158 700 1224 Rides?
724 1159 846 1222 meliore
862 1158 1008 1220 cachinno

219 1268 417 1333 concutitur-r
439 1267 501 1344 flet,
517 1267 542 1330 si
553 1267 701 1349 lacrymas
716 1264 872 1348 conspexit
888 1263 985 1338 amici,

220 1374 290 1438 Nec
304 1374 406 1436 dolet:
428 1373 588 1454 igniculum
604 1372 715 1434 brumae
732 1371 756 1432 si
771 1383 905 1451 tempore
920 1389 1036 1450 poscas,
1158 1371 1198 1430 95

219 1477 339 1560 Accipit
354 1475 570 1540 endromiden:
592 1475 616 1538 si
632 1473 752 1548 dixeris,
768 1486 873 1547 metuo,
890 1473 985 1534 sudat.

218 1581 290 1644 Non
305 1601 407 1643 sumus
422 1601 493 1663 ergo
507 1600 615 1662 pares:
638 1579 751 1653 melior,
769 1580 818 1662 qui
834 1601 953 1662 semper
968 1593 998 1644 et
1012 1580 1093 1644 omni
1148 1625 1151 1636 .

220 1684 320 1748 Nocte
336 1685 444 1769 dieque
459 1697 556 1768 potest
567 1685 694 1766 alienum
709 1699 828 1748 sumere
844 1685 966 1760 vultum,
1013 1687 1031 1732 ί
1080 1669 1082 1682 ¹
1170 1676 1172 1687 ’

220 1790 251 1852 Α
265 1789 341 1854 facie
351 1791 465 1876 jactare
480 1811 595 1866 manus,
610 1790 732 1854 laudare
747 1803 922 1874 paratus.-

222 1894 308 1960 Soire
323 1897 423 1960 volunt
439 1909 553 1960 secreta
568 1895 675 1960 domirs
690 1909 778 1982 atque
793 1896 862 1958 inde
879 1898 984 1960 timeri.
1144 1902 1202 1959 100

264 1999 307 2062 Et
321 2002 458 2084 quoniam
473 2002 565 2083 coepit
575 2000 753 2067 Graecorum
768 2004 888 2077 mensio,
906 2005 995 2065 transi

223 2105 396 2188 Gymnasia‚
413 2118 501 2188 atque
517 2104 586 2168 andi
598 2103 714 2168 ieoinus
731 2105 850 2190 majoris
866 2108 983 2172 abollae.

225 2209 344 2272 Stoicus
359 2209 467 2272 occidit
481 2208 623 2287 Baream,
639 2211 753 2274 delator
774 2213 903 2278 amioum

223 2313 473 2399 Discipuiumque
488 2337 593 2392 senex,
609 2316 674 2400 ripis
687 2319 810 2384 nutritus
826 2321 855 2382 in
870 2320 930 2397 iilia,

224 2421 274 2484 Ad
290 2441 379 2504 quam
396 2420 547 2504 Gorgonei
562 2422 683 2507 delapsa
699 2437 744 2487 est
758 2427 846 2508 pinna
860 2405 977 2493 caballi.
1145 2435 1204 2493 105

224 2521 295 2586 Νο0
310 2538 355 2588 est
369 2523 510 2588 Romano
525 2527 665 2610 cuiquam
679 2530 763 2593 loous
776 2530 836 2608 hio,
853 2533 902 2595 ubi
917 2549 1021 2616 regnat

224 2627 409 2710 Protogenes
424 2631 536 2713 aliquis,
551 2633 599 2696 vel
613 2634 761 2718 Diphilus,
779 2651 828 2700 aut
843 2637 1049 2718 ErimarohuS,

224 2730 287 2806 Qui
302 2731 395 2814 gentis
410 2732 479 2793 vitio
494 2755 644 2818 nunquam
660 2740 779 2820 partitur
795 2741 935 2818 amioum,

122 2922 126 2934 ι
225 2833 313 2899 Solus
328 2835 428 2900 habet.
473 2837 555 2901 Nam
571 2861 661 2923 quum
677 2841 795 2906 facilem
811 2845 924 2910 stillavit
939 2848 967 2910 in
983 2871 1086 2914 aurern

224 2941 378 3024 Exiguum
394 2942 432 3004 de
447 2957 556 3008 naturae
572 2946 731 3031 patriaeque
746 2969 872 3028 veneno,
1144 2965 1204 3022 110

224 3047 342 3108 Limine
357 3047 556 3112 submoneor:
580 3052 728 3133 perierunt
743 3069 876 3139 tempora
891 3059 969 3142 longi

225 3152 351 3216 Servitii.
397 3153 554 3237 Nusquam
570 3155 664 3218 minor
680 3173 724 3220 est
732 3159 849 3244 jactura
864 3163 987 3228 clientis.

224 3256 317 3330 Quod
334 3258 422 3340 porro
437 3260 577 3336 officium,
593 3283 631 3324 ne
646 3263 729 3326 nobis
744 3265 885 3343 blandiar,
902 3283 951 3332 aut
966 3274 1047 3356 qnod

225 3359 369 3443 Pauperis
384 3362 433 3426 hie
449 3365 596 3442 meritum,
612 3367 635 3430 si
650 3385 733 3432 curet
748 3386 835 3434 nocte
850 3387 965 3457 togatus

225 3461 367 3541 Currere,
383 3487 474 3549 quum
490 3485 594 3552 praetor
609 3473 741 3537 lictorem
757 3476 896 3560 impellat,
913 3496 942 3544 et
955 3483 999 3548 ire
1144 3495 1203 3553 115

226 3567 413 3662 Praeoipitem
425 3572 529 3662 jubeat
544 3577 657 3645 dudum
673 3581 856 3666 vigilantibus
871 3587 960 3664 orbis,
