2532 4008
129 311 189 369 103
451 305 798 358 uturtrrtmrtsms

126 453 199 517 Nun
213 455 295 537 quasi
309 455 452 530 fortuitus,
465 447 523 518 nec
537 467 692 518 ventorum
706 451 798 527 rabie,
814 451 868 514 sed
1033 451 1099 514 22⁵

126 557 220 620 Iratus
234 558 323 620 cadat
337 558 366 620 in
380 573 472 622 terras
487 558 640 642 etjudicet
654 557 740 638 iguis.

127 659 180 722 [lla
193 661 264 722 nihil
278 661 377 723 nocue
389 683 398 739 3
422 660 495 723 curi
508 662 640 742 graviore
655 663 773 723 timetur

126 763 270 828 Proxima
284 777 455 847 tempesta,
469 765 550 827 vetur
563 766 621 826 hoc
637 763 725 826 dilata
740 783 856 826 serene.

126 867 286 942 Praeterea,
300 868 397 932 lateris
410 868 488 948 vigiii
503 889 574 930 cum
587 866 670 930 febre
685 867 821 928 dolorem

128 970 162 1033 Si
176 971 296 1054 cepere
312 971 382 1052 pati,
397 971 520 1034 missum
533 970 571 1032 ad
586 991 639 1034 sua
653 990 778 1051 corpora
793 969 928 1034 morbum
1032 970 1097 1030 230

125 1073 236 1136 Insesto
250 1074 374 1136 credunt
389 1095 407 1134 a
420 1073 562 1136 numinet
584 1093 655 1136 saxa
671 1073 796 1137 deorum

126 1176 203 1240 Haec
219 1190 249 1239 et
262 1177 321 1238 tela
335 1189 448 1258 putam.
492 1175 649 1238 Pecudsm
665 1176 812 1258 spondere
827 1176 938 1238 sacello

126 1280 294 1354 Balantem,
310 1293 340 1340 et
354 1277 483 1341 Laribus
497 1282 617 1344 cristam
630 1279 800 1362 promittere
814 1279 884 1360 gebi

126 1383 198 1445 Non
213 1382 343 1444 audent:
366 1382 436 1464 quid
451 1383 530 1444 enim
545 1403 664 1463 sperare
679 1382 853 1447 nocentibus
867 1382 951 1463 aegris

128 1485 339 1547 Concessum?
362 1485 410 1546 uel
426 1505 488 1566 quar
504 1507 564 1549 uon
579 1486 691 1565 dignior
705 1485 799 1548 hostia
812 1484 894 1547 vita?
1031 1489 1098 1548 235

127 1586 246 1648 Mobilis
261 1600 290 1647 et
303 1587 383 1647 varia
399 1601 443 1650 est
457 1585 549 1650 ferme
565 1600 669 1651 natura
683 1589 838 1651 malorum.

127 1689 231 1763 Quum
246 1689 342 1752 scelus
357 1689 520 1764 admittunt,
536 1704 669 1772 superest
683 1692 854 1757 constantia.
899 1690 982 1763 Quid
997 1690 1041 1754 ias

125 1793 224 1875 Atque
238 1790 330 1867 nesus,
345 1792 467 1854 tandem
481 1793 621 1876 incipiuut
635 1795 741 1858 sentire
755 1795 882 1876 peractis

126 1893 315 1956 Criminibus.
360 1894 483 1960 Tamen
496 1897 534 1958 ud
549 1918 648 1962 mores
662 1913 765 1962 natura
779 1899 903 1960 recurrit
949 1892 957 1906 ‘

125 1995 300 2072 Damnatm,
315 1997 376 2061 fixa
390 2011 420 2060 et
433 2000 538 2062 mutari
552 2001 663 2064 nescia.
709 2001 790 2062 Nam
805 2001 869 2082 quis
1031 2003 1098 2060 240

126 2097 280 2162 Peccandi
294 2101 383 2165 finem
397 2103 494 2182 posuit
509 2103 589 2167 sibi?
612 2103 730 2182 qrraudo
745 2103 858 2184 recepit

127 2199 268 2283 Ejectum
283 2205 376 2264 semel
390 2204 485 2272 aurbs
499 2205 537 2266 de
552 2203 645 2266 fronte
660 2203 823 2267 ruborem?

126 2301 272 2374 Quisnam
287 2307 439 2368 hominum
453 2319 507 2379 est,
523 2325 612 2386 quem
626 2319 657 2366 tu
672 2319 843 2376 comeatum
853 2306 961 2371 videris
971 2329 1033 2372 uuo

126 2403 253 2488 Flagitio
264 2407 289 2488 ?¹
322 2409 415 2469 Dabit
429 2409 458 2471 in
471 2408 614 2489 laqueum,
625 2408 746 2489 vestigia
761 2421 859 2472 uoster

125 2505 274 2581 Perfidus,
290 2523 319 2568 et
333 2509 406 2588 nigri
420 2510 544 2588 patietur
558 2511 687 2575 carceris
699 2517 820 2588 uncum,
1031 2521 1096 2578 245

126 2609 188 2671 Aut
201 2609 289 2670 maris
303 2609 399 2692 AEgaet
413 2631 518 2692 rupem
533 2615 731 2697 scopulosque
744 2615 913 2700 frequentes

126 2709 288 2776 Exsulibus
303 2714 425 2797 maguis.
469 2715 568 2780 Pena
582 2719 723 2800 gaudebis
735 2719 839 2788 ‚amarit
938 2775 949 2788 ,

126 2813 262 2875 Nominis
276 2817 367 2889 invisi,
382 2819 562 2898 tandemque
578 2819 708 2884 fatebere
723 2821 815 2894 lartum

126 2910 194 2973 Nec
209 2913 330 2974 surdum
344 2935 400 2974 neo
415 2914 563 2980 Tiresiam
578 2935 748 2998 quenquam
761 2941 827 2983 esse
843 2920 976 2984 deorum.
