2534 4022
563 359 684 410 suarna
699 359 747 408 111.
1105 351 1144 412 13

165 513 249 576 Dum
264 524 398 596 superest
413 509 553 587 Lachesi,
570 510 650 592 quod
664 519 808 591 torqueat,
824 518 854 568 et
867 503 994 588 pedibus
1008 521 1058 564 me

164 617 256 682 Porto
271 617 355 693 meis,
371 616 450 678 nullo
465 615 603 678 dextram
618 614 762 676 subeunte
778 609 896 675 bacillo.

164 721 319 786 Cedamus
333 719 448 805 patrii:
470 721 568 782 vivant
582 717 716 780 Artorius
733 715 799 780 istic

163 826 206 890 Et
219 825 364 889 Catulus:
385 838 534 901 maneant,
550 823 599 908 qui
613 824 729 906 nigrum
744 822 773 884 in
788 819 916 884 candida
930 829 1055 892 vertunt,
1101 818 1143 876 30

161 931 240 1005 Quis
254 930 340 993 facile
355 944 400 994 est
414 930 516 994 aedem
531 929 711 1004 conducere,
726 927 857 1004 flumina,
872 937 984 1009 portus,

161 1036 342 1100 Sicoaodam
357 1035 494 1112 eluviem,
510 1034 687 1119 portandum
703 1033 741 1096 ad
756 1035 842 1096 busta
857 1031 994 1106 cadaver,
1059 1049 1064 1053 ·

160 1141 203 1204 Et
217 1142 352 1225 praebere
367 1155 456 1226 caput
471 1123 593 1204 dominia
606 1138 710 1202 venale
725 1138 779 1202 sub
795 1136 889 1202 hasti.
1144 1126 1148 1136 ’

159 1244 322 1320 Quondam
334 1241 367 1310 hi
382 1246 557 1321 cornicines,
573 1258 603 1308 et
618 1243 802 1328 municipalis
818 1263 913 1307 arenae
1007 1265 1014 1272 ’

158 1349 301 1435 Perpetui
316 1353 450 1428 comites,
465 1365 604 1434 notaeque
619 1372 673 1434 per
687 1351 798 1433 oppida
812 1349 931 1421 buecoe,
1099 1349 1141 1406 35
1249 1413 1250 1416 Ἴ

158 1455 286 1518 Munera
301 1477 380 1518 nuno
396 1457 498 1530 edunt,
514 1468 545 1518 et
558 1473 645 1516 verso
660 1453 766 1536 pollice
781 1452 860 1534 vulgi

156 1558 258 1632 Quem
272 1560 343 1622 libet
357 1559 498 1622 occidunt
511 1556 712 1642 populariter:
734 1557 803 1619 inde
819 1557 930 1620 reversi

157 1661 338 1728 Conducunt
353 1664 478 1743 loricas3
501 1677 531 1726 et
546 1685 600 1726 cur
613 1685 673 1726 non
688 1662 813 1726 omnia?
837 1683 927 1747 quum
942 1662 1007 1738 sint,

156 1767 270 1842 Quales
285 1769 442 1833 exhumili
457 1789 566 1851 magna
581 1767 619 1830 ad
634 1766 748 1851 fastigia
761 1789 861 1831 rerum

154 1871 288 1950 Extollit,
304 1875 417 1958 quoties
432 1873 523 1936 voluit
541 1871 673 1936 Fortuna
683 1873 790 1957 jocari.

154 1973 236 2052 Quid
253 1978 359 2041 Romae
375 1977 482 2040 faciam
496 1977 510 2040 i
533 1976 653 2040 Mentiri
668 1978 788 2040 nescio:
810 1977 927 2052 librum,

153 2082 295 2145 Simulus
310 2096 363 2156 est,
379 2103 497 2164 nequeo
511 2081 633 2142 laudare
649 2093 678 2142 et
697 2101 841 2163 poscere:
863 2093 961 2142 motus

150 2187 307 2248 Astrorum
322 2187 447 2267 ignoro:
469 2183 556 2246 sunus
569 2185 740 2268 promittere
756 2185 845 2268 patris

148 2290 218 2353 Nec
232 2291 309 2367 volo,
325 2311 382 2352 nec
397 2310 541 2373 possum:
563 2311 702 2355 ranarum
717 2291 831 2354 viscera
844 2313 992 2376 nunquam

148 2394 278 2478 Inspexi.
325 2393 419 2458 Ferre
435 2395 473 2458 ed
488 2409 622 2479 nuptam,
640 2417 704 2478 quae
720 2397 806 2460 mittit
821 2398 944 2475 adulter,
1085 2406 1127 2462 45

148 2497 225 2572 Quae
241 2501 371 2576 mandat,
386 2499 493 2564 ndrunt
508 2501 574 2563 alii:
597 2523 647 2564 me
662 2521 752 2564 nemo
767 2503 899 2566 ministro

148 2603 211 2667 Fur
226 2605 289 2681 erit,
306 2619 393 2690 atque
407 2606 476 2669 ideo
491 2606 561 2669 nulli
576 2627 679 2670 comes
694 2629 783 2684 exeo,
799 2622 938 2693 tanquam

144 2708 281 2786 Mancus,
296 2724 327 2772 et
340 2712 489 2774 exstinctae
505 2733 612 2794 corpus
627 2733 686 2773 non
700 2713 770 2774 utile
785 2713 908 2776 dextrae.

145 2812 221 2888 Quis
235 2837 314 2878 nunc
330 2817 466 2900 diligitur,
482 2815 535 2879 nisi
551 2816 697 2893 conscius
713 2831 742 2880 et
753 2818 801 2880 cui
816 2817 933 2882 fervens

143 2919 261 2982 AEstuat
274 2921 397 2984 occultis
412 2921 536 2997 animus,
553 2943 730 3006 semperque
749 2924 907 2988 tacendis?
1035 2950 1040 2958 ·
1082 2936 1123 2993 50

143 3023 195 3086 Nil
209 3024 258 3086 tibi
275 3046 307 3087 se
323 3026 435 3088 debere
450 3039 541 3108 putat,
556 3026 597 3087 nil
612 3025 745 3090 conseret
760 3050 899 3112 unquam,

142 3126 323 3212 Participem
339 3131 389 3212 qui
405 3144 434 3192 te
450 3131 556 3193 secreti
571 3129 641 3192 lecit
651 3131 776 3194 honesti.

141 3232 239 3296 Carus
254 3235 307 3296 erit
321 3233 420 3311 Verri,
436 3236 484 3319 qui
500 3235 629 3299 Verrem
643 3249 788 3321 tempore,
804 3253 863 3324 quo
877 3242 946 3318 vult,

139 3337 293 3400 Accusare
308 3353 413 3423 potest.
439 3341 530 3404 Tanti
545 3341 595 3404 tibi
609 3364 668 3404 non
683 3343 719 3406 sit
733 3345 818 3427 opaci

138 3441 245 3506 Omnis
261 3464 351 3506 arena
364 3444 452 3528 Tagi,
469 3447 610 3530 quodque
625 3449 655 3509 in
669 3469 752 3511 mare
766 3450 888 3514 volvitur
904 3475 1017 3532 aurum,
1076 3462 1115 3520 55

139 3545 180 3609 Ut
194 3569 299 3613 somno
315 3569 429 3625 careas,
445 3551 642 3635 ponendaque
657 3553 778 3636 premia
792 3575 891 3620 sumas

478 3639 500 3696 2
