2534 4022
569 351 690 401 smus
705 351 765 399 vn.
1115 345 1155 408 57
1258 397 1259 402 ,

187 503 247 566 Sed
263 525 356 586 genus
370 503 517 586 ignavum,
534 500 613 583 quod
627 501 706 563 lecto
721 499 831 582 gaudet
845 511 876 560 et
890 494 1005 558 umbri.
1096 497 1155 554 105

228 607 288 670 Dic
303 608 398 690 igitur,
415 606 485 688 quid
500 605 656 668 causidicis
670 604 765 666 civilia
779 615 918 686 praestent

184 711 303 786 Officia,
319 725 349 772 et
362 731 471 792 magno
485 708 609 770 comites
623 707 652 768 in
672 707 752 770 fasce
767 706 877 769 libelli?

183 813 243 896 Ipsi
258 836 366 897 magna
381 827 494 888 sonant,
511 812 564 874 sed
580 825 660 887 tunc,
676 831 773 894 quum.
783 811 911 874 creditor
926 811 1016 886 audit,

185 917 352 1001 Praeoipue,
368 918 415 980 vel
429 917 453 980 si
467 917 559 998 tetigit
573 917 649 978 latus
664 917 758 980 acrior
773 917 831 992 illo,

184 1019 247 1094 Qui
261 1023 342 1084 venit
356 1023 394 1084 ad
409 1021 531 1086 dubium
546 1021 650 1103 grandi
664 1043 734 1084 curn
749 1021 855 1084 codiee
870 1041 990 1082 nomen.
1096 1025 1157 1080 tto

184 1125 274 1189 Tunc
289 1128 435 1190 immensa
449 1127 514 1192 cavi
528 1126 638 1210 spirant
653 1127 808 1190 mendacia
824 1126 917 1202 folles,

185 1229 425 1314 Conspuiturque
441 1231 530 1294 sinus.
574 1229 688 1294 Verum
703 1231 889 1313 deprendere
905 1253 1034 1296 messem

187 1333 221 1394 Si
235 1333 306 1394 libet
318 1355 327 1410 3
349 1334 417 1394 binc
433 1347 552 1396 centum
567 1335 740 1417 patrimonia
754 1335 982 1409 causidicorum,

186 1435 277 1497 Parte
293 1437 350 1497 aliia
363 1437 459 1500 solbm
473 1437 578 1501 russati
593 1458 670 1519 pone
686 1437 847 1498 Lacernae.

186 1538 363 1605 Consedere
379 1541 493 1604 duces:
515 1541 609 1623 surgis
621 1555 652 1603 tu
668 1543 792 1624 pallidus
807 1543 888 1627 Ajax
1095 1547 1155 1607 115

185 1623 328 1708 Dicturus
343 1644 433 1708 dubia
447 1666 500 1728 pro
513 1645 656 1720 libertate,
671 1646 802 1708 bubulco

184 1746 203 1809 J
206 1749 302 1811 udioe.
347 1749 470 1832 Rumpe
485 1749 573 1812 miser
587 1763 703 1812 tensum
713 1749 811 1834 jecur,
827 1763 859 1813 ut
872 1749 924 1814 tibi
938 1751 1016 1816 lasso

154 1885 157 1892 ·
187 1850 329 1933 Figantur
342 1853 461 1927 virides,
477 1853 625 1914 scalarum
639 1853 740 1934 gloria,
755 1854 871 1934 palmae.

187 1953 280 2026 Quod
294 1956 376 2018 vocis
390 1953 541 2038 pretium?
565 1956 662 2018 siccus
676 1957 893 2037 petasunculus,
908 1971 939 2020 et
952 1979 1004 2020 vas

185 2055 395 2139 Pelamydum,
411 2071 461 2119 aut
474 2069 601 2132 veteres,
616 2057 756 2120 Aimrum
771 2060 927 2142 epimenia,
942 2061 1033 2135 bulbi,
1095 2066 1154 2124 tau

185 2160 249 2222 Aut
261 2160 366 2222 vinum
376 2159 479 2224 Tiberi
494 2162 661 2238 devectum,
675 2162 803 2245 quinque
817 2163 941 2246 lagenae.

231 2263 264 2327 Si
279 2278 382 2348 quater
397 2266 489 2349 egisti,
504 2267 530 2329 si
542 2267 663 2350 contigit
677 2288 788 2330 aureus-
798 2289 884 2344 uuus,

184 2369 258 2433 Inde
274 2370 384 2434 cadunt
397 2384 496 2455 partes
511 2393 551 2436 ex
565 2372 679 2436 loedere
694 2373 953 2458 pragmaticorum.

185 2475 308 2538 AEmilio
323 2477 448 2554 dabitur,
464 2479 606 2560 quantirm
620 2479 698 2555 licet,
715 2493 746 2542 et
759 2478 864 2550 melitis
878 2502 934 2544 nos

187 2577 332 2660 Egimus:
354 2580 440 2664 hujus
455 2581 534 2644 enim
550 2595 605 2644 stat
619 2604 722 2647 currus
736 2588 856 2662 aeneus,
869 2587 918 2651 alti
1098 2594 1156 2654 125

187 2678 387 2764 Quadrijuges
402 2683 431 2742 in
445 2685 604 2759 vestibulis,
619 2700 706 2767 atque
721 2689 784 2768 ipso
799 2689 890 2752 feroci

187 2783 338 2848 Bellatore
354 2785 462 2849 sedens
476 2801 629 2850 curvatum
643 2789 746 2852 hastile
761 2791 887 2856 minatur

187 2887 324 2966 Eminus,
340 2905 369 2953 et
384 2891 479 2953 statuit
494 2893 648 2956 meditatur
663 2896 767 2978 proelia
781 2897 875 2962 lusori.

189 2992 240 3056 Sic
256 2993 343 3057 Pedo
358 2997 521 3070 conturbat,
536 2997 641 3062 Matho
656 3001 776 3064 deficit:
799 3004 895 3069 exitus
908 3005 957 3074 hic
972 3022 1017 3072 est

185 3098 325 3182 Tongilli,
342 3122 449 3182 magno
464 3123 533 3162 curn
548 3102 732 3165 rhinocerote
747 3107 836 3167 lavari
1096 3119 1155 3178 130

188 3203 251 3276 Qui
266 3205 349 3280 solet,
365 3220 395 3268 et
411 3221 498 3268 vexat
512 3206 655 3270 lutulenti
668 3209 774 3273 balnea
788 3211 885 3288 turbis,

188 3305 308 3388 Perque
324 3308 419 3372 sorum
430 3310 555 3395 juvenes
569 3313 659 3396 longo
671 3315 778 3394 premit
792 3339 902 3396 assere,
917 3320 1030 3386 Medos

188 3411 352 3493 Empturus
366 3437 482 3496 pueros,
495 3431 659 3500 argentum,
675 3421 833 3502 myrrhina,
848 3423 940 3490 villas.

189 3515 323 3603 Spondet
337 3518 416 3580 enirn
430 3519 526 3608 Tyrio
540 3523 666 3586 stlaturia
681 3545 809 3610 purpura
823 3526 883 3596 filo.
