2534 4022
563 359 685 414 sarran
700 363 758 412 vn.
1109 370 1150 428 tt
1245 442 1250 451 Ι

177 511 278 580 Nemo
293 517 373 579 dabit
387 535 501 596 regum,
517 513 614 596 quanti
631 511 767 575 subsellia
781 521 925 588 constent,
1055 521 1057 528 ⁴
1108 515 1149 574 45

177 621 220 684 Et
235 642 298 703 quae
313 621 462 682 conducto
476 617 607 700 pendent
622 617 780 680 anabathra
794 616 894 699 tigillo,

178 724 316 807 Quaeque
330 723 514 806 reportandis
529 721 682 804 positaest
695 721 848 783 orchestra
863 705 1022 784 cathedris.

179 828 246 892 Nos
259 842 358 890 tameo
374 829 433 889 hoc
448 826 572 908 agimus,
586 824 727 907 tenuique
742 825 770 886 in
786 824 910 907 pulvere
925 825 1024 888 sulcos

181 931 340 1006 Ducimus,
356 944 385 992 et
399 931 477 993 littus
492 929 581 993 sterili
597 951 750 992 versamus
765 943 872 992 aratro.

181 1035 273 1110 Nam,
290 1036 314 1096 si
330 1035 476 1110 discedas,
490 1035 598 1117 laqueo
612 1047 694 1096 tenet
707 1033 851 1096 ambitiosi

182 1138 377 1203 Consuetudo
392 1139 480 1200 mali:
503 1151 584 1200 tenet
597 1138 759 1201 insanabile
775 1139 883 1201 multos

185 1242 341 1304 Scribendi
356 1243 525 1318 cacoethes,
540 1257 570 1304 et
581 1263 659 1324 aegro
674 1243 703 1304 in
718 1243 811 1304 corde
827 1243 963 1306 senescit.

184 1345 248 1408 Sed
265 1360 362 1407 vatem
378 1344 540 1426 egregium,
554 1345 603 1406 cui
617 1365 676 1406 non
691 1345 727 1407 sit
741 1346 858 1427 publica
873 1358 959 1420 vena,

186 1448 248 1521 Qui
264 1449 334 1510 nihil
349 1449 515 1531 expositum
532 1448 626 1509 soleat
640 1447 801 1524 deducere,
817 1469 873 1510 nec
886 1449 935 1531 qui

185 1551 348 1616 Communi
364 1551 449 1614 feriat
462 1572 583 1614 carmen
599 1552 711 1614 triviale
726 1552 856 1628 moneri,

187 1656 290 1733 Hunc,
306 1658 424 1740 qualem
439 1677 556 1740 nequeo
572 1670 744 1732 monstrare,
760 1671 790 1719 et
804 1658 899 1720 sentio
912 1659 1035 1735 tantiam,

187 1762 346 1824 Anxietate
362 1783 467 1824 carens
481 1762 596 1824 animus
611 1759 690 1836 lacit,
706 1763 802 1824 omnis
816 1764 916 1825 acerbi

188 1865 358 1948 Impatiens,
373 1866 499 1948 cupidus
513 1867 662 1940 silvarum,
679 1879 821 1947 aptusque
836 1866 972 1930 bibendis

189 1966 334 2030 Fontibus
348 1969 511 2030 Aonidum.
557 1967 667 2049 Neque
683 1969 762 2030 enirn
776 1983 896 2032 cantare
912 1972 966 2032 sub
981 1986 1063 2034 antro

189 2071 300 2146 Pierio,
316 2072 487 2152 thyrsumve
501 2084 597 2152 potest
611 2071 781 2153 contingere
796 2093 868 2133 sana
1119 2079 1161 2138 60

191 2175 357 2258 Paupertas
373 2187 459 2257 atque
475 2174 539 2236 aeris
553 2175 646 2257 inops,
662 2195 722 2257 quo
735 2189 822 2238 nocte
838 2176 954 2259 dieque«

192 2278 312 2362 Corpus
327 2293 414 2362 eget:
436 2291 515 2342 satur
531 2292 584 2354 est,
601 2299 691 2361 quum
707 2279 777 2342 dicit
792 2279 943 2357 Horatius,
958 2279 1066 2345 Euoe!

192 2383 270 2457 Quis
283 2386 366 2446 locus
381 2384 508 2466 iugenio,
523 2383 577 2446 nisi
592 2404 683 2466 quum
699 2405 732 2446 se
746 2385 877 2446 carmine
892 2386 956 2448 solo

192 2487 323 2564 Vexent,
339 2502 369 2550 et
383 2489 507 2550 dominis
522 2486 636 2550 Cirrhae
652 2487 809 2570 Nysaeque
824 2488 955 2552 seruntur

194 2593 324 2656 Pectora
339 2607 447 2668 roura,
463 2593 538 2654 duas
552 2613 610 2654 non
626 2592 807 2655 admittentia
821 2594 933 2657 curas?

195 2697 312 2778 Magnae
330 2695 434 2756 mentis
448 2716 523 2776 opus
537 2715 594 2756 nec
610 2695 649 2754 de
663 2696 761 2756 lodice
777 2697 909 2776 paranda

196 2801 350 2874 Attonitae,
365 2819 469 2860 currus
484 2811 514 2859 et
527 2817 621 2879 equos
633 2795 788 2880 faciesque
803 2799 927 2862 deorum

196 2905 374 2987 Adspicere,
389 2916 419 2964 et
433 2901 526 2985 qualis
541 2900 685 2964 Rutulum
701 2901 862 2966 confundat
874 2901 1014 2989 Erinnys.

197 3009 229 3072 N
231 3030 278 3071 arn
295 3009 318 3070 si
332 3007 455 3088 Virgilio
470 3027 544 3087 puer
558 3019 589 3068 et
602 3007 751 3069 tolerabile
767 3007 886 3072 deesset

198 3113 378 3196 Hospitium,
394 3111 537 3172 caderent
550 3129 655 3170 omnes
670 3131 687 3172 a
702 3111 831 3173 crinibus
844 3113 929 3194 hydri
944 3135 951 3174 :
1125 3125 1167 3180 70

200 3217 298 3280 Surda
313 3216 381 3278 nibil
397 3227 531 3297 gemeret
544 3207 633 3296 grave
648 3214 783 3277 buccina.
829 3215 995 3296 Poscimus,
1010 3233 1043 3284 ut
1056 3222 1092 3286 sit

199 3320 270 3382 Non
286 3320 380 3382 minor
395 3320 513 3402 antiquo
529 3319 690 3383 Rubrenus
704 3319 811 3404 Lappa
825 3323 979 3400 cothurno,

201 3420 297 3504 Cujus
311 3433 340 3482 et
355 3419 483 3482 alveolos
498 3433 528 3482 et
540 3420 651 3484 laenatn
666 3421 799 3503 pignerat
812 3422 931 3485 Atreus.

201 3525 273 3589 Non
288 3524 378 3586 hebet
392 3522 492 3586 infelix
506 3525 660 3600 Numitor,
671 3524 750 3608 quod
764 3525 858 3588 mittat
872 3528 985 3591 amico:
