2532 4008
569 365 740 414 SATIRA'X.

171 519 204 582 Si
219 517 294 582 soret
308 517 470 580 exstinctus
486 515 602 578 diverso
617 529 763 597 tempore,
779 532 838 595 quo
853 532 911 574 non

173 621 317 705 Coeperat
332 622 463 684 audaces
477 619 564 680 Paris
580 619 726 681 adificare
742 618 866 680 carinas.

172 726 281 810 Longa
295 727 360 788 dies
373 726 461 807 igitur
476 723 544 805 quid
561 722 707 802 contulit?
731 723 830 784 omnia
843 721 916 782 vidit

172 829 299 906 Eversa,
316 843 344 892 et
360 828 487 891 flammis
504 828 606 890 Asiam
621 826 759 909 ferroque
775 825 945 888 cadentem.

175 934 266 996 Tunc
280 935 365 996 miles
380 931 523 994 tremulus
537 930 710 1014 positd‘tulit
725 951 807 992 arma
821 929 905 1004 tiard,

175 1035 217 1101 El
231 1039 287 1101 ruit
304 1052 370 1100 ante
387 1057 468 1100 aram
484 1037 590 1099 summi
605 1035 698 1108 Jovis‚
715 1049 746 1098 ut
759 1035 874 1096 vetulus
888 1035 953 1109 bos,

174 1141 238 1215 Qui
252 1143 362 1204 domini
377 1142 476 1205 cultris
493 1155 581 1203 tenue
598 1154 627 1203 et
641 1140 809 1202 miserabile
825 1139 935 1201 collum

176 1235 305 1322 Praebet,
320 1247 357 1308 ab
372 1246 485 1327 ingrato
495 1246 559 1329 jam
575 1244 720 1306 fastiditus
735 1239 843 1308 aratro.

177 1348 287 1412 Exitus
302 1349 350 1410 ille
366 1363 516 1432 utcunque
532 1349 680 1410 hominis:
703 1349 756 1410 sed
772 1362 854 1409 torva
870 1348 976 1408 canino

178 1452 313 1516 Latrarit
326 1453 411 1527 rictu,
428 1473 492 1534 quae
509 1452 667 1534 posthunc
683 1451 806 1526 vixerat,
823 1471 910 1512 uxor.

178 1555 302 1619 Festino
318 1557 355 1618 ad
370 1571 494 1632 nostros,
511 1570 541 1618 et
555 1577 658 1638 regem
672 1569 793 1618 transeo
805 1555 904 1630 Ponti,
920 1579 922 1588 ’

179 1660 222 1722 Et
237 1659 388 1737 Croesum,
404 1681 494 1743 quem
509 1681 569 1722 vox
579 1661 650 1744 justi
666 1659 794 1723 facunda
811 1659 929 1723 Solonis

180 1763 346 1847 Respicere
363 1765 400 1827 ad
415 1767 508 1848 longae
519 1765 607 1850 jussit
621 1766 713 1847 spatia
727 1765 829 1827 ultima
843 1766 921 1828 vitae.

181 1867 341 1944 Exsilium,
357 1883 387 1932 et
400 1891 514 1945 carcer,
530 1870 807 1952 Minturnarumque
823 1870 958 1953 paludes,

181 1972 223 2036 Et
237 1973 422 2036 mendicatus
437 1973 515 2035 victlr
529 1973 711 2054 Carthagine
726 1975 820 2056 panis,
984 2055 986 2059 Ι

181 2075 264 2138 Hine
278 2099 384 2139 causas
400 2075 544 2137 habuere.
590 2075 672 2147 Quid
689 2075 737 2138 illo
752 2077 817 2138 cive
833 2077 946 2140 tulisset

181 2181 297 2245 Natura
311 2181 340 2242 in
354 2181 447 2256 terris,
465 2181 534 2263 quid
549 2182 651 2244 Roma
666 2183 779 2244 beatius
794 2203 935 2266 unquam,

184 2287 217 2348 Si
232 2286 439 2349 circumducto
453 2287 637 2370 captivorum
653 2287 780 2370 agmine,
797 2302 826 2350 et
839 2289 919 2350 omni

181 2389 335 2453 Bellorum
350 2393 470 2474 pompa,
487 2391 615 2453 animam
630 2391 799 2456 exhalasset
813 2393 954 2475 opimam,

183 2493 287 2567 Quum
303 2495 341 2556 de
355 2495 525 2557 Teutonico
540 2496 629 2557 vellet
643 2496 828 2572 descendere
842 2517 928 2559 curru
942 2497 957 2559 i

183 2597 315 2660 Provida
329 2598 477 2680 Pompeio
492 2600 617 2662 dederat
629 2599 796 2682 Campania
812 2600 911 2666 febres

168 2700 356 2782 Optandas:
381 2701 434 2762 sed
449 2702 546 2762 multae
562 2704 651 2764 urbes
667 2717 696 2764 et
710 2705 827 2783 publica
845 2721 912 2767 vota

185 2802 340 2866 Vicerunt.
386 2804 477 2887 Igitur
493 2803 626 2868 Fortuna
639 2806 729 2889 ipsius
744 2821 773 2868 et
787 2805 879 2871 Urbis

187 2907 344 2970 Servatum
359 2909 437 2972 victo
452 2923 542 2993 eaput
557 2911 681 2974 abstulit.
728 2912 798 2975 Hoc
813 2914 943 2976 cruciatu

188 3013 342 3088 Lentulus,
358 3012 416 3075 haic
427 3015 516 3096 poena
531 3017 625 3077 caruit
640 3019 808 3100 ceciditque
824 3017 977 3102 Cethegus

186 3118 313 3200 Integer,
330 3132 360 3180 et
369 3118 464 3202 jacuit
479 3117 607 3181 Catilina
622 3121 769 3183 cadavere
784 3135 856 3183 toto.
1098 3134 1163 3192 280

232 3221 374 3284 Formam
390 3237 471 3307 optat
486 3225 605 3287 modico
621 3226 728 3308 pueris,
745 3225 857 3311 majore
872 3228 976 3309 puellis

189 3322 354 3401 Murmure,
370 3349 461 3410 quum
475 3327 604 3392 Veneris
618 3328 717 3394 sanum
733 3331 813 3393 videt
828 3332 916 3393 anxia
931 3347 1034 3410 mater,

189 3427 294 3511 Usque
311 3428 348 3489 ad
365 3431 484 3494 delicias
499 3447 644 3495 votorum.
690 3433 754 3496 Cur
765 3447 875 3510 tamen,
891 3435 992 3516 inquit,

191 3531 368 3616 Corripias?
391 3533 524 3597 Pulchra
538 3539 649 3680 {audet
664 3538 782 3600 Latona
796 3537 907 3602 Diania.
