2534 4022
121 371 164 434 rs
320 413 322 418 .
432 369 465 418 n.
481 367 575 418 sunu
590 365 784 418 rnvnnnnrs

120 515 332 581 intolerabilius
346 517 416 578 nihil
432 531 486 592 est,
503 517 592 599 quam
607 514 729 578 soemina
744 513 840 576 dives.

163 620 280 686 Interea
295 619 374 684 soeda
391 635 512 704 aspectu
527 620 710 704 ridendaque
726 618 819 680 multo

121 725 206 790 Pane
220 739 315 789 tumet
329 724 431 801 facies,
447 739 497 789 aut
511 726 629 810 pinguia
643 723 816 809 Poppaeana

123 829 231 914 Spirat,
247 843 277 892 et
292 829 360 893 hinc
375 829 474 893 miseri
489 831 635 893 viscantur
649 830 731 891 labra
746 827 850 890 mariti.

120 934 172 996 Ad
187 934 338 997 moechum
353 934 452 997 veniet
463 933 525 997 lota
538 948 617 996 cute.
663 931 795 1006 Quando
810 930 903 992 videri

121 1035 193 1101 Vult
207 1037 336 1101 formosa
350 1037 454 1102 domi?
476 1039 602 1102 moechis
616 1036 713 1102 foliata
727 1050 877 1119 parantur.

122 1140 181 1208 His
196 1143 312 1218 emitur,
327 1143 469 1226 quidquid
485 1143 609 1225 graciles
622 1143 682 1204 hnc
697 1139 807 1204 mittitis
822 1138 900 1202 indi.

121 1244 262 1309 Tandem
277 1247 371 1331 aperit
384 1247 506 1322 vultum,
521 1261 551 1310 et
564 1246 687 1314 tectoria
701 1245 797 1329 prima
810 1243 925 1328 reponit
938 1266 946 1304 ε

121 1349 228 1434 incipit
242 1351 371 1434 agnosci,
387 1365 475 1435 atque
489 1352 538 1415 iilo
552 1352 630 1414 lacte
645 1349 770 1426 fovetur,

120 1453 249 1539 Propter
264 1456 342 1540 qnod
358 1477 460 1520 secum
476 1456 599 1520 comites
614 1455 715 1519 educit
730 1453 844 1531 asellas,

122 1558 220 1624 Exsul
235 1559 466 1644 Hyperboreum
480 1560 505 1622 si
520 1559 679 1624 dimittatur
694 1561 733 1622 ad
749 1581 849 1624 axem.

124 1663 188 1729 Sed
203 1685 267 1747 qua
283 1664 399 1730 mutatis
413 1664 569 1740 inducitur,
585 1677 673 1749 atque
688 1663 804 1729 fovetur

122 1765 185 1831 Tot
199 1767 452 1845 medicaminibus,
468 1781 619 1853 acuteque
635 1769 751 1852 siliginis
765 1770 844 1832 oflas

122 1873 242 1956 Accipit
256 1885 286 1936 et
299 1872 439 1948 madidae,
451 1870 544 1936 iacies
559 1873 683 1950 dicetur,
698 1895 736 1935 aa
750 1870 857 1935 ulcus?

165 1977 223 2042 Est
237 1977 363 2062 pretium
378 1997 467 2054 cure,
482 1976 597 2061 petrinis
610 1997 804 2060 cognoscere,
819 1975 890 2039 toto'

123 2083 207 2158 Quid
221 2081 328 2147 saciant
343 2083 510 2167 agitentque
524 2083 584 2146 die.
632 2082 665 2145 Si
680 2095 767 2145 nocte
782 2079 903 2144 maritus

123 2189 255 2251 Aversus
264 2187 379 2271 jacuit3
401 2187 486 2272 periit
499 2186 623 2259 libraria,
639 2199 753 2267 ponunt

124 2289 274 2354 Cosmetae
288 2292 413 2367 tunicas,
428 2289 512 2354 tarde
526 2288 642 2350 venisse
658 2286 812 2350 Liburnus

124 2394 250 2472 Dicitur,
266 2411 296 2459 et
309 2417 414 2480 poeuas
429 2393 514 2458 alieni
528 2391 661 2475 pendere
676 2391 772 2452 somni

124 2495 265 2581 Cogiturr
288 2500 337 2561 hic
352 2497 456 2578 frangit
471 2495 588 2568 serulae,
604 2495 690 2556 rubet
704 2494 751 2556 ille
766 2493 902 2578 flagellis,

125 2599 186 2665 Hic
202 2602 332 2666 scutica:
355 2613 430 2674 sunt,
446 2619 511 2680 quae
525 2597 681 2660 tortoribus
696 2619 792 2660 annua
808 2614 956 2684 praesteut.

122 2705 281 2779 Verberat,
296 2716 384 2785 atque
398 2701 492 2764 obiter
506 2700 614 2764 saniem
628 2702 712 2782 linit,
734 2704 814 2767 audit
829 2704 950 2781 amicas,

124 2811 187 2872 Aut
200 2810 291 2870 latum
307 2807 391 2890 picta
406 2807 494 2869 vestis
508 2806 676 2870 considerat
690 2829 804 2883 aurum,

125 2911 167 2974 Et
182 2910 290 2988 caedit;
312 2909 390 2991 longi
405 2909 510 2991 relegit
525 2923 689 2972 transversa
704 2911 810 2987 diurni,

125 3013 168 3078 Et
183 3013 283 3090 caedit,
299 3014 396 3076 donec
410 3013 493 3077 lassis
507 3013 699 3092 cadentibus,
716 3013 796 3080 EXI

125 3117 241 3184 Intonat
255 3118 445 3196 horrendum,
456 3118 519 3204 jam
534 3120 699 3203 cognitione
716 3120 846 3204 peracta.
957 3153 966 3163 ·

170 3222 352 3288 Praefectura
367 3223 474 3288 domita
490 3223 593 3289 Sicula
606 3247 663 3286 non
680 3223 779 3286 mitior,
790 3225 868 3288 aubi.

126 3327 159 3394 N
161 3347 208 3391 am
224 3328 248 3391 si
263 3329 419 3405 constituit,
435 3329 578 3411 solitoque
594 3325 749 3392 decentida
760 3343 844 3414 optat

128 3431 245 3508 Ornari,
261 3445 290 3495 et
305 3445 452 3516 properat,
461 3432 585 3518 jamque
600 3448 789 3517 exspectatur
803 3435 832 3498 in
848 3435 947 3514 bortis,

129 3536 191 3600 Aut
205 3536 285 3619 apud
299 3535 400 3600 Isiacae
416 3537 512 3621 potius
527 3539 655 3604 sacraria
669 3540 765 3623 ienae3
