2534 4022
550 365 674 418 SA'fflA
687 365 733 416 Vl.
1088 364 1130 426 35

161 516 223 578 Aut
236 514 335 600 aliqua
348 515 521 593 exstiterint,
536 529 567 580 et
580 515 634 579 sub
648 513 748 594 Jove3
767 512 824 605 sed
836 509 913 576 Jove
927 509 1060 574 nondum
1092 512 1131 572 1⁵

161 617 304 696 Barbato,
318 620 451 684 nondum
466 619 581 684 Graecis
590 619 691 705 jurare
705 618 814 702 parada

161 721 224 786 Per
238 737 328 808 capnt
341 724 469 800 alterius,
484 743 575 807 quum
589 722 685 788 furem
699 743 790 786 nemo
804 721 921 786 timeret

163 823 316 904 Caulibus,
332 841 382 890 ant
395 828 501 912 pomis,
516 841 547 892 et
560 841 663 912 aperto
677 827 789 891 vireret
802 825 898 890 horto.

165 929 311 994 Paulatim
328 932 438 996 deinde
452 932 491 996 ad
506 953 630 1016 superos
645 932 759 996 Astraea
772 928 896 994 recessit

165 1033 235 1098 Hic
250 1037 369 1114 comite,
384 1050 472 1120 atque
487 1037 553 1100 dure
568 1037 677 1120 pariter
692 1034 795 1119 fugere
810 1053 938 1098 sorores.

164 1139 326 1223 Antiquom
342 1154 470 1206 etvetus
484 1154 529 1206 est
543 1140 683 1218 alienum,
698 1139 853 1214 Postume,
866 1137 979 1202 lectum

165 1241 347 1322 Concutere,
363 1259 451 1328 atque
466 1245 541 1308 sacri
555 1245 675 1328 genium
690 1257 882 1308 contemnere
896 1238 992 1306 fulcri.

166 1345 266 1410 Omne
282 1348 360 1412 aliud
374 1349 488 1420 crimen
502 1369 575 1412 mox
589 1345 686 1412 serrae
700 1347 818 1430 protulit
831 1357 921 1410 etas:

166 1447 314 1514 Viderunt
328 1451 438 1534 primos
453 1464 593 1534 argentea
607 1450 715 1514 secula
728 1449 874 1512 moechos.

209 1551 398 1618 Conventum
413 1569 523 1631 tamen,
539 1567 570 1618 et
582 1567 714 1638 pactum,
729 1566 760 1618 et
774 1551 932 1636 sponsalia,
948 1549 1047 1616 ausui
1095 1553 1137 1612 2⁵

166 1656 361 1742 Tempestate
376 1679 473 1742 paras,
483 1658 607 1744 jamque
622 1679 639 1722 a
654 1671 772 1722 tonsore
786 1656 926 1740 magiitrn

167 1761 314 1839 Pecteris,
329 1777 359 1826 et
374 1763 463 1847 digito
478 1763 584 1846 pignus
597 1761 720 1828 sortasse
736 1761 855 1826 dedisti.

169 1865 262 1930 Certe
277 1888 365 1930 sanus
380 1867 467 1930 eras!
490 1865 638 1943 Uxorem,
654 1866 809 1943 Postume,
825 1865 934 1932 ducis?

169 1975 241 2052 Dio,
256 1975 315 2058 qui
328 1975 504 2060 Tisiphone,
519 1977 625 2060 quibus
639 1976 789 2059 exagitire
802 1977 954 2040 colubris?

169 2077 197 2146 F
199 2101 264 2142 erre
279 2094 364 2163 potes
378 2081 527 2141 dominam
543 2079 629 2142 salvis
643 2092 685 2141 tot
698 2076 825 2141 restibus
839 2079 940 2154 rdiam,
1099 2084 1142 2143 30

169 2186 274 2262 Quum
288 2201 408 2272 pateant
422 2189 485 2252 altae
500 2188 720 2274 caligantesque
735 2187 882 2268 fenestre,

170 2296 274 2371 Quum
288 2298 339 2361 tibi
354 2299 482 2361 vicinum
497 2321 529 2362 se
545 2299 675 2383 prebeat
690 2299 827 2363 AEmilius
841 2321 917 2384 pons
928 2299 987 2363 ἓ-
1044 2316 1048 2320 ·

172 2401 235 2464 Sed
249 2403 347 2486 placet
360 2401 481 2466 Ursidio
495 2403 546 2466 lex'
560 2401 660 2466 Julia:
682 2405 785 2467 tollere
800 2403 918 2467 dulcem

81 2523 84 2530 ’
171 2503 292 2588 Cogitat
305 2507 455 2569 heredem
470 2507 614 2570 cariturus
628 2521 740 2570 turture
754 2529 874 2591 magno,

172 2606 392 2690 Mullorumque
400 2609 492 2693 jubis,
507 2625 539 2673 et
552 2625 704 2694 captatore
719 2611 856 2674 macello.

173 2707 256 2782 Quid
271 2711 334 2772 fieri
348 2732 406 2772 non
423 2733 509 2792 posse
524 2726 620 2794 putes,
635 2713 659 2774 si
670 2713 802 2794 jungitur
816 2715 875 2774 ulla

172 2810 318 2876 Ursidio?
341 2813 365 2876 si
381 2813 565 2876 moechorum
580 2814 750 2878 notissimus
764 2815 835 2879 olim

174 2915 271 2980 Stulta
286 2917 407 2980 maritali
417 2917 481 3001 jam
497 2917 617 3002 porrigit
630 2939 683 2982 ora
698 2920 836 3004 capistro,

173 3017 275 3092 Quem
290 3022 376 3084 toties
389 3021 464 3083 texit
477 3023 596 3104 perituri
610 3023 684 3086 cista
698 3023 822 3088 Latini?

174 3122 268 3201 Quid,
284 3124 364 3207 qudd
379 3138 416 3187 et.
424 3125 547 3208 antiquis
562 3147 638 3190 uxor
653 3125 692 3188 de
707 3129 837 3191 moribus
852 3129 890 3191 illi
1104 3143 1148 3203 4ο

175 3225 348 3300 Quaeritur?
394 3229 434 3303 O,
451 3229 569 3306 medici,
585 3229 715 3312 mediam
731 3233 898 3314 pertundite
912 3241 1039 3301 venum!

175 3335 308 3400 Delicias
322 3339 468 3402 hominis!
512 3338 677 3424 Tarpeium
692 3324 783 3405 liumn
798 3345 889 3410 adora

176 3437 305 3515 Pronus,
321 3455 351 3503 et
364 3457 495 3506 auratam
511 3442 620 3508 Junoni
635 3445 719 3510 cede
729 3447 902 3530 juvencam,

178 3543 211 3606 si
227 3544 276 3607 tibi
291 3545 446 3628 contigerit
460 3548 564 3632 capitis
577 3561 710 3614 matrona
724 3550 834 3633 pudici.
