2534 4022
120 389 161 449 30
424 375 772 432 usumrsuvsmms

120 533 260 596 Servatur
274 531 404 598 domiuo.
449 529 597 596 Dextram
612 531 751 596 cohibere
767 543 928 595 memento.

120 637 209 701 Salva
224 637 259 700 sit
274 649 393 720 artoptae
403 626 582 700 reverentia.
628 635 724 722 Finge
739 651 838 702 tamen
853 651 884 700 te

117 739 339 826 Improbulum3
362 754 497 824 superest
511 739 581 816 illic,
597 743 646 825 qui
662 763 773 825 ponere
789 753 888 826 cogat.

116 845 171 908 Vis
185 859 215 908 tu
231 843 379 908 consuetis
393 845 493 909 audax
507 846 631 910 conviva
645 846 781 910 canistris
876 837 885 846 ²

116 949 245 1034 impleri,
260 951 402 1034 panisque
418 951 459 1014 tui
473 951 589 1016 novisse
604 952 765 1015 colorem?

118 1055 239 1119 Scilicet
254 1056 311 1119 hcc
326 1054 431 1131 luerat,
446 1057 671 1140 propterquod,
687 1057 765 1139 saepb
781 1057 884 1121 relictis

116 1159 264 1246 Conjuge,
279 1183 333 1244 per
347 1173 478 1224 montem
493 1159 649 1223 adversum
664 1161 835 1244 gelidasque
850 1162 967 1226 cucurri

116 1263 273 1349 Esquilias,
288 1263 429 1328 fremeret
443 1263 522 1328 sevit
535 1285 625 1348 quum
642 1265 783 1348 grandine
798 1287 907 1330 vernus

114 1367 238 1454 Jupiter,
254 1383 284 1432 et
299 1369 390 1433 multo
405 1369 526 1433 stillaret
540 1369 655 1454 paenula
671 1369 792 1434 nimbo!

114 1474 257 1558 Adspice,
273 1473 361 1556 quam
376 1474 464 1556 longo
479 1475 627 1538 distendat
640 1489 762 1557 pectore
776 1475 905 1550 lancem,
1042 1479 1087 1536 80

114 1578 191 1651 Quae
207 1575 298 1640 fertur
312 1577 442 1652 domino,
458 1577 572 1658 squilla,
588 1591 618 1638 et
632 1577 737 1658 quibus
751 1577 881 1659 undique
896 1589 979 1659 septa

113 1681 283 1766 Asparagis,
299 1680 357 1762 quit
371 1680 514 1763 despiciat
528 1679 661 1742 convivia
676 1679 783 1756 caudi,

113 1786 217 1860 Quum
233 1786 311 1848 venit
324 1783 435 1847 excelsi
451 1783 585 1848 manibus
599 1783 712 1846 sublata
727 1785 858 1848 ministri.

114 1893 175 1955 Sed
190 1891 241 1954 tibi
256 1890 377 1954 dimidio
391 1889 566 1952 constrictus
579 1873 746 1952 ca‘iirma‘rus
760 1909 817 1952 ovo

112 1996 244 2071 Ponitur,
262 1993 369 2078 exigua
383 1991 481 2056 feralis
496 2013 582 2056 coena
598 1993 716 2077 patella.

110 2102 178 2185 Ipse
193 2098 362 2162 Venafrano
375 2099 488 2183 piscem
503 2097 670 2180 perfundit:
692 2113 721 2162 at
735 2101 794 2176 bic,
810 2102 859 2184 qui

110 2205 243 2268 Pallidus
257 2204 375 2266 affertur
390 2203 498 2265 misero
512 2202 563 2264 tibi
578 2202 680 2278 caulis,
695 2204 786 2265 olebit

110 2309 280 2371 Laternam.
324 2305 400 2368 Illud
415 2307 493 2369 enim
508 2305 611 2368 vestris
627 2305 713 2368 datur
727 2307 856 2382 alveolis,
872 2308 951 2390 quod

110 2414 215 2478 Canna
230 2412 422 2494 Micipsarum
439 2409 527 2494 prorb
537 2411 672 2472 subvexit
688 2409 798 2488 acutri3

75 2580 79 2588 ,
110 2519 237 2601 Propter
252 2516 330 2599 qucd
345 2515 456 2578 Romae
472 2536 540 2577 cum
557 2513 715 2578 Boccbare
730 2535 820 2576 nemo
834 2515 954 2592 lavatur,
1038 2521 1082 2580 90

110 2624 203 2698 Quod
218 2635 294 2684 tutos
309 2619 397 2682 etiam
413 2618 482 2682 lacit
497 2641 513 2680 a
528 2619 711 2702 serpentibus
726 2616 825 2683 Asros.

109 2728 220 2792 Mullus
231 2725 285 2788 erit
299 2722 428 2799 domino,
444 2743 533 2805 quem
549 2723 625 2786 misit
639 2723 774 2800 Corsica,
790 2725 837 2788 vel
852 2746 942 2809 quem

108 2830 367 2896 Tauromenitanae
383 2847 481 2910 rupes,
497 2828 617 2909 quando
631 2849 720 2890 omne
735 2843 887 2911 peractum
904 2841 948 2889 est

109 2934 151 3001 Et
160 2937 224 3021 jam
239 2931 349 2996 deiecit
363 2943 494 2992 nostrum
509 2951 601 3007 mare,
618 2931 689 2994 dum
704 2932 772 3015 gula
787 2932 877 3007 saevit,

110 3042 236 3108 Retibus
252 3035 375 3100 assiduis
389 3034 506 3118 penitus
521 3047 668 3098 scrutante
679 3037 806 3099 macello
1034 3039 1076 3097 9⁵

109 3147 261 3231 Proxima,
276 3163 332 3204 neo
347 3140 474 3224 patimur
488 3138 679 3222 Tyrrhenum
695 3159 833 3201 crescere
848 3138 971 3220 piscem.

106 3249 222 3315 Instruit
237 3243 420 3328 ergo-locum
436 3243 605 3325 provincia:
627 3242 750 3306 sumitur
764 3241 840 3302 illinc

107 3355 198 3430 Quod
214 3363 345 3434 captator
360 3360 439 3409 emat
451 3346 561 3421 Lenas,
576 3345 697 3407 Aurelia
712 3344 830 3406 vendat.
927 3365 929 3374 ‘

106 3457 223 3522 Virroni
240 3471 368 3515 muraena
383 3450 477 3524 datur,
494 3469 557 3531 quae
573 3449 704 3522 maxima
718 3448 797 3509 venit

107 3561 229 3649 Gurgite
245 3555 283 3620 de
300 3553 420 3619 Siculo:
444 3572 523 3626 nam,
539 3551 610 3613 dum
626 3573 657 3614 se
673 3552 802 3642 continet
817 3553 935 3633 Auster,
1015 3565 1075 3620 100
