<?xml version="1.0" encoding="UTF-8"?>
<!DOCTYPE html PUBLIC "-//W3C//DTD XHTML 1.0 Transitional//EN"
    "http://www.w3.org/TR/xhtml1/DTD/xhtml1-transitional.dtd">
<html xmlns="http://www.w3.org/1999/xhtml" xml:lang="en" lang="en">
 <head>
  <title>
</title>
<meta http-equiv="Content-Type" content="text/html;charset=utf-8" />
  <meta name='ocr-system' content='tesseract 3.04.00' />
  <meta name='ocr-capabilities' content='ocr_page ocr_carea ocr_par ocr_line ocrx_word'/>
</head>
<body>
  <div class='ocr_page' id='page_1' title='image "./djuniijuvenalis09juvegoog_0110.png"; bbox 0 0 2532 4008; ppageno 0'>
   <div class='ocr_carea' id='block_1_1' title="bbox 559 315 1160 392">
    <p class='ocr_par' dir='ltr' id='par_1_1' title="bbox 559 315 1160 392">
     <span class='ocr_line' id='line_1_1' title="bbox 559 315 1160 392; baseline 0.005 -22"><span class='ocrx_word' id='word_1_1' title='bbox 559 315 684 373; x_wconf 68' lang='lat' dir='ltr'>&#39;aarum</span> <span class='ocrx_word' id='word_1_2' title='bbox 699 319 773 372; x_wconf 82' lang='lat' dir='ltr'>xm.</span> <span class='ocrx_word' id='word_1_3' title='bbox 1101 333 1160 392; x_wconf 83' lang='lat'>103</span> 
     </span>
    </p>
   </div>
   <div class='ocr_carea' id='block_1_2' title="bbox 184 426 1161 1684">
    <p class='ocr_par' dir='ltr' id='par_1_2' title="bbox 189 426 1161 553">
     <span class='ocr_line' id='line_1_2' title="bbox 189 426 1161 553; baseline 0 -21"><span class='ocrx_word' id='word_1_4' title='bbox 189 467 269 532; x_wconf 88' lang='lat' dir='ltr'>Tam</span> <span class='ocrx_word' id='word_1_5' title='bbox 284 467 370 532; x_wconf 90' lang='lat' dir='ltr'>sacile</span> <span class='ocrx_word' id='word_1_6' title='bbox 386 479 415 529; x_wconf 86' lang='lat' dir='ltr'>et</span> <span class='ocrx_word' id='word_1_7' title='bbox 429 487 554 550; x_wconf 91' lang='lat' dir='ltr'>pronum</span> <span class='ocrx_word' id='word_1_8' title='bbox 570 478 615 532; x_wconf 89' lang='lat' dir='ltr'>est</span> <span class='ocrx_word' id='word_1_9' title='bbox 629 487 752 553; x_wconf 88' lang='lat' dir='ltr'>superos</span> <span class='ocrx_word' id='word_1_10' title='bbox 766 479 957 533; x_wconf 83' lang='lat' dir='ltr'>contemnere</span> <span class='ocrx_word' id='word_1_11' title='bbox 972 482 1072 548; x_wconf 85' lang='lat' dir='ltr'>testes,</span> <span class='ocrx_word' id='word_1_12' title='bbox 1119 426 1161 533; x_wconf 66' lang='lat' dir='ltr'>td</span> 
     </span>
    </p>

    <p class='ocr_par' dir='ltr' id='par_1_3' title="bbox 190 573 980 657">
     <span class='ocr_line' id='line_1_3' title="bbox 190 573 980 657; baseline 0 -21"><span class='ocrx_word' id='word_1_13' title='bbox 190 573 223 636; x_wconf 89' lang='lat' dir='ltr'>Si</span> <span class='ocrx_word' id='word_1_14' title='bbox 235 574 362 636; x_wconf 87' lang='lat' dir='ltr'>mortalis</span> <span class='ocrx_word' id='word_1_15' title='bbox 376 574 456 634; x_wconf 91' lang='lat' dir='ltr'>idem</span> <span class='ocrx_word' id='word_1_16' title='bbox 470 595 559 635; x_wconf 90' lang='lat' dir='ltr'>nemo</span> <span class='ocrx_word' id='word_1_17' title='bbox 575 575 667 636; x_wconf 86' lang='lat' dir='ltr'>sciat!</span> <span class='ocrx_word' id='word_1_18' title='bbox 712 574 855 657; x_wconf 87' lang='lat' dir='ltr'>Adspice,</span> <span class='ocrx_word' id='word_1_19' title='bbox 872 577 980 656; x_wconf 71' lang='lat' dir='ltr'>quanta</span> 
     </span>
    </p>

    <p class='ocr_par' dir='ltr' id='par_1_4' title="bbox 187 674 911 758">
     <span class='ocr_line' id='line_1_4' title="bbox 187 674 911 758; baseline 0.004 -22"><span class='ocrx_word' id='word_1_20' title='bbox 187 674 273 738; x_wconf 89' lang='lat' dir='ltr'>Voce</span> <span class='ocrx_word' id='word_1_21' title='bbox 287 691 395 758; x_wconf 82' lang='lat' dir='ltr'>neget3</span> <span class='ocrx_word' id='word_1_22' title='bbox 418 697 482 758; x_wconf 86' lang='lat' dir='ltr'>quae</span> <span class='ocrx_word' id='word_1_23' title='bbox 498 677 534 737; x_wconf 87' lang='lat' dir='ltr'>sit</span> <span class='ocrx_word' id='word_1_24' title='bbox 547 677 608 738; x_wconf 89' lang='lat' dir='ltr'>ficti</span> <span class='ocrx_word' id='word_1_25' title='bbox 623 679 784 740; x_wconf 86' lang='lat' dir='ltr'>constantia</span> <span class='ocrx_word' id='word_1_26' title='bbox 797 677 911 740; x_wconf 85' lang='lat' dir='ltr'>vultds!</span> 
     </span>
    </p>

    <p class='ocr_par' dir='ltr' id='par_1_5' title="bbox 186 777 881 863">
     <span class='ocr_line' id='line_1_5' title="bbox 186 777 881 863; baseline 0.003 -23"><span class='ocrx_word' id='word_1_27' title='bbox 186 777 249 840; x_wconf 91' lang='lat' dir='ltr'>Per</span> <span class='ocrx_word' id='word_1_28' title='bbox 263 780 331 840; x_wconf 92' lang='lat' dir='ltr'>solis</span> <span class='ocrx_word' id='word_1_29' title='bbox 344 779 442 840; x_wconf 90' lang='lat' dir='ltr'>radios</span> <span class='ocrx_word' id='word_1_30' title='bbox 457 778 646 861; x_wconf 90' lang='lat' dir='ltr'>Tarpeiaque</span> <span class='ocrx_word' id='word_1_31' title='bbox 660 778 781 840; x_wconf 84' lang='lat' dir='ltr'>fulmina</span> <span class='ocrx_word' id='word_1_32' title='bbox 790 781 881 863; x_wconf 91' lang='lat' dir='ltr'>jurat,</span> 
     </span>
    </p>

    <p class='ocr_par' dir='ltr' id='par_1_6' title="bbox 186 879 922 964">
     <span class='ocr_line' id='line_1_6' title="bbox 186 879 922 964; baseline 0.007 -23"><span class='ocrx_word' id='word_1_33' title='bbox 186 879 229 942; x_wconf 90' lang='lat' dir='ltr'>Et</span> <span class='ocrx_word' id='word_1_34' title='bbox 243 880 348 942; x_wconf 87' lang='lat' dir='ltr'>Martis</span> <span class='ocrx_word' id='word_1_35' title='bbox 363 881 516 955; x_wconf 79' lang='lat' dir='ltr'>frameam,</span> <span class='ocrx_word' id='word_1_36' title='bbox 532 895 560 942; x_wconf 90' lang='lat' dir='ltr'>et</span> <span class='ocrx_word' id='word_1_37' title='bbox 577 881 700 942; x_wconf 85' lang='lat' dir='ltr'>Cirrhaei</span> <span class='ocrx_word' id='word_1_38' title='bbox 714 883 826 964; x_wconf 89' lang='lat' dir='ltr'>spicula</span> <span class='ocrx_word' id='word_1_39' title='bbox 840 884 922 960; x_wconf 85' lang='lat' dir='ltr'>vatis,</span> 
     </span>
    </p>

    <p class='ocr_par' dir='ltr' id='par_1_7' title="bbox 186 981 1158 1067">
     <span class='ocr_line' id='line_1_7' title="bbox 186 981 1158 1067; baseline 0.009 -23"><span class='ocrx_word' id='word_1_40' title='bbox 186 981 249 1044; x_wconf 88' lang='lat' dir='ltr'>Per</span> <span class='ocrx_word' id='word_1_41' title='bbox 264 985 393 1045; x_wconf 83' lang='lat' dir='ltr'>calamos</span> <span class='ocrx_word' id='word_1_42' title='bbox 408 985 562 1046; x_wconf 83' lang='lat' dir='ltr'>venatricis</span> <span class='ocrx_word' id='word_1_43' title='bbox 577 985 804 1067; x_wconf 84' lang='lat' dir='ltr'>pharetramque</span> <span class='ocrx_word' id='word_1_44' title='bbox 819 982 943 1063; x_wconf 87' lang='lat' dir='ltr'>Puellae,</span> <span class='ocrx_word' id='word_1_45' title='bbox 1116 995 1158 1053; x_wconf 80' lang='lat'>80</span> 
     </span>
    </p>

    <p class='ocr_par' dir='ltr' id='par_1_8' title="bbox 186 1085 986 1170">
     <span class='ocr_line' id='line_1_8' title="bbox 186 1085 986 1170; baseline 0.006 -22"><span class='ocrx_word' id='word_1_46' title='bbox 186 1085 306 1168; x_wconf 90' lang='lat' dir='ltr'>Perque</span> <span class='ocrx_word' id='word_1_47' title='bbox 320 1100 413 1162; x_wconf 92' lang='lat' dir='ltr'>tuum,</span> <span class='ocrx_word' id='word_1_48' title='bbox 428 1102 512 1169; x_wconf 88' lang='lat' dir='ltr'>pater</span> <span class='ocrx_word' id='word_1_49' title='bbox 525 1087 622 1170; x_wconf 84' lang='lat' dir='ltr'>AEgaei</span> <span class='ocrx_word' id='word_1_50' title='bbox 638 1089 789 1170; x_wconf 85' lang='lat' dir='ltr'>Neptune,</span> <span class='ocrx_word' id='word_1_51' title='bbox 806 1091 963 1153; x_wconf 88' lang='lat' dir='ltr'>tridentem</span> <span class='ocrx_word' id='word_1_52' title='bbox 975 1115 986 1170; x_wconf 81' lang='lat'>3</span> 
     </span>
    </p>

    <p class='ocr_par' dir='ltr' id='par_1_9' title="bbox 184 1189 973 1280">
     <span class='ocr_line' id='line_1_9' title="bbox 184 1189 973 1280; baseline 0.008 -30"><span class='ocrx_word' id='word_1_53' title='bbox 184 1189 278 1251; x_wconf 91' lang='lat' dir='ltr'>Addit</span> <span class='ocrx_word' id='word_1_54' title='bbox 293 1204 323 1252; x_wconf 90' lang='lat' dir='ltr'>et</span> <span class='ocrx_word' id='word_1_55' title='bbox 338 1189 507 1253; x_wconf 89' lang='lat' dir='ltr'>Herculeos</span> <span class='ocrx_word' id='word_1_56' title='bbox 522 1213 618 1267; x_wconf 88' lang='lat' dir='ltr'>arcus,</span> <span class='ocrx_word' id='word_1_57' title='bbox 634 1193 806 1280; x_wconf 82' lang='lat' dir='ltr'>hastamque</span> <span class='ocrx_word' id='word_1_58' title='bbox 822 1193 973 1268; x_wconf 84' lang='lat' dir='ltr'>Minervae,</span> 
     </span>
    </p>

    <p class='ocr_par' dir='ltr' id='par_1_10' title="bbox 185 1290 935 1373">
     <span class='ocr_line' id='line_1_10' title="bbox 185 1290 935 1373; baseline 0.005 -21"><span class='ocrx_word' id='word_1_59' title='bbox 185 1290 340 1373; x_wconf 80' lang='lat' dir='ltr'>Quidquid</span> <span class='ocrx_word' id='word_1_60' title='bbox 355 1295 464 1358; x_wconf 87' lang='lat' dir='ltr'>habent</span> <span class='ocrx_word' id='word_1_61' title='bbox 477 1294 601 1354; x_wconf 87' lang='lat' dir='ltr'>telorum</span> <span class='ocrx_word' id='word_1_62' title='bbox 617 1296 842 1356; x_wconf 89' lang='lat' dir='ltr'>armamentaria</span> <span class='ocrx_word' id='word_1_63' title='bbox 856 1298 935 1358; x_wconf 88' lang='lat' dir='ltr'>coeli.</span> 
     </span>
    </p>

    <p class='ocr_par' dir='ltr' id='par_1_11' title="bbox 186 1392 1032 1477">
     <span class='ocr_line' id='line_1_11' title="bbox 186 1392 1032 1477; baseline 0.011 -24"><span class='ocrx_word' id='word_1_64' title='bbox 186 1392 219 1453; x_wconf 89' lang='lat' dir='ltr'>Si</span> <span class='ocrx_word' id='word_1_65' title='bbox 234 1394 305 1454; x_wconf 80' lang='lat' dir='ltr'>veri)</span> <span class='ocrx_word' id='word_1_66' title='bbox 321 1408 350 1454; x_wconf 91' lang='lat' dir='ltr'>et</span> <span class='ocrx_word' id='word_1_67' title='bbox 364 1409 448 1476; x_wconf 89' lang='lat' dir='ltr'>pater</span> <span class='ocrx_word' id='word_1_68' title='bbox 463 1409 525 1455; x_wconf 90' lang='lat' dir='ltr'>est:</span> <span class='ocrx_word' id='word_1_69' title='bbox 549 1395 729 1470; x_wconf 87' lang='lat' dir='ltr'>Comedam,</span> <span class='ocrx_word' id='word_1_70' title='bbox 744 1396 846 1477; x_wconf 91' lang='lat' dir='ltr'>inquit,</span> <span class='ocrx_word' id='word_1_71' title='bbox 861 1397 959 1460; x_wconf 86' lang='lat' dir='ltr'>flebile</span> <span class='ocrx_word' id='word_1_72' title='bbox 974 1401 1032 1466; x_wconf 82' lang='lat' dir='ltr'>nati</span> 
     </span>
    </p>

    <p class='ocr_par' dir='ltr' id='par_1_12' title="bbox 188 1495 1153 1684">
     <span class='ocr_line' id='line_1_12' title="bbox 188 1495 1153 1578; baseline 0.008 -22"><span class='ocrx_word' id='word_1_73' title='bbox 188 1495 322 1578; x_wconf 90' lang='lat' dir='ltr'>Sinciput</span> <span class='ocrx_word' id='word_1_74' title='bbox 337 1497 405 1558; x_wconf 81' lang='lat' dir='ltr'>elixi</span> <span class='ocrx_word' id='word_1_75' title='bbox 420 1497 589 1578; x_wconf 88' lang='lat' dir='ltr'>Pharioque</span> <span class='ocrx_word' id='word_1_76' title='bbox 606 1498 749 1560; x_wconf 90' lang='lat' dir='ltr'>madentis</span> <span class='ocrx_word' id='word_1_77' title='bbox 765 1511 860 1560; x_wconf 89' lang='lat' dir='ltr'>aceto.</span> <span class='ocrx_word' id='word_1_78' title='bbox 1111 1507 1153 1564; x_wconf 78' lang='lat'>85</span> 
     </span>
     <span class='ocr_line' id='line_1_13' title="bbox 229 1599 952 1684; baseline 0.008 -25"><span class='ocrx_word' id='word_1_79' title='bbox 229 1599 314 1674; x_wconf 89' lang='lat' dir='ltr'>Sunt,</span> <span class='ocrx_word' id='word_1_80' title='bbox 331 1600 359 1660; x_wconf 89' lang='lat' dir='ltr'>in</span> <span class='ocrx_word' id='word_1_81' title='bbox 375 1599 512 1661; x_wconf 83' lang='lat' dir='ltr'>Fortunae</span> <span class='ocrx_word' id='word_1_82' title='bbox 528 1601 577 1682; x_wconf 94' lang='lat' dir='ltr'>qui</span> <span class='ocrx_word' id='word_1_83' title='bbox 591 1601 707 1662; x_wconf 89' lang='lat' dir='ltr'>casibus</span> <span class='ocrx_word' id='word_1_84' title='bbox 721 1602 819 1663; x_wconf 88' lang='lat' dir='ltr'>omnia</span> <span class='ocrx_word' id='word_1_85' title='bbox 833 1616 952 1684; x_wconf 87' lang='lat' dir='ltr'>ponant,</span> 
     </span>
    </p>
   </div>
   <div class='ocr_carea' id='block_1_3' title="bbox 1125 836 1154 863">
    <p class='ocr_par' dir='ltr' id='par_1_13' title="bbox 1125 836 1154 863">
     <span class='ocr_line' id='line_1_14' title="bbox 1125 836 1154 863; baseline 0 -6"><span class='ocrx_word' id='word_1_86' title='bbox 1125 836 1137 863; x_wconf 78' lang='lat' dir='ltr'>r</span> <span class='ocrx_word' id='word_1_87' title='bbox 1150 848 1154 857; x_wconf 84' lang='grc'><strong><em>,</em></strong></span> 
     </span>
    </p>
   </div>
   <div class='ocr_carea' id='block_1_4' title="bbox 98 1701 879 1780">
    <p class='ocr_par' dir='ltr' id='par_1_14' title="bbox 98 1701 879 1780">
     <span class='ocr_line' id='line_1_15' title="bbox 98 1701 879 1780; baseline 0.006 -19"><span class='ocrx_word' id='word_1_88' title='bbox 98 1723 101 1728; x_wconf 49' lang='lat'>ยน</span> <span class='ocrx_word' id='word_1_89' title='bbox 183 1701 225 1762; x_wconf 87' lang='lat' dir='ltr'>Et</span> <span class='ocrx_word' id='word_1_90' title='bbox 239 1703 318 1763; x_wconf 91' lang='lat' dir='ltr'>nullo</span> <span class='ocrx_word' id='word_1_91' title='bbox 333 1703 454 1764; x_wconf 89' lang='lat' dir='ltr'>credant</span> <span class='ocrx_word' id='word_1_92' title='bbox 468 1703 611 1764; x_wconf 89' lang='lat' dir='ltr'>mundum</span> <span class='ocrx_word' id='word_1_93' title='bbox 626 1717 740 1766; x_wconf 87' lang='lat' dir='ltr'>rectore</span> <span class='ocrx_word' id='word_1_94' title='bbox 756 1706 879 1780; x_wconf 89' lang='lat' dir='ltr'>moveri,</span> 
     </span>
    </p>
   </div>
   <div class='ocr_carea' id='block_1_5' title="bbox 178 1804 1152 3516">
    <p class='ocr_par' dir='ltr' id='par_1_15' title="bbox 181 1804 816 1883">
     <span class='ocr_line' id='line_1_16' title="bbox 181 1804 816 1883; baseline 0 -17"><span class='ocrx_word' id='word_1_95' title='bbox 181 1804 297 1867; x_wconf 70' lang='lat' dir='ltr'>Natura</span> <span class='ocrx_word' id='word_1_96' title='bbox 311 1807 444 1867; x_wconf 88' lang='lat' dir='ltr'>volvente</span> <span class='ocrx_word' id='word_1_97' title='bbox 460 1807 539 1868; x_wconf 91' lang='lat' dir='ltr'>vices</span> <span class='ocrx_word' id='word_1_98' title='bbox 554 1819 584 1867; x_wconf 90' lang='lat' dir='ltr'>et</span> <span class='ocrx_word' id='word_1_99' title='bbox 597 1807 671 1867; x_wconf 89' lang='lat' dir='ltr'>lucis</span> <span class='ocrx_word' id='word_1_100' title='bbox 686 1820 716 1867; x_wconf 91' lang='lat' dir='ltr'>et</span> <span class='ocrx_word' id='word_1_101' title='bbox 730 1809 816 1883; x_wconf 81' lang='lat' dir='ltr'>anni3</span> 
     </span>
    </p>

    <p class='ocr_par' dir='ltr' id='par_1_16' title="bbox 181 1907 969 1990">
     <span class='ocr_line' id='line_1_17' title="bbox 181 1907 969 1990; baseline 0.004 -22"><span class='ocrx_word' id='word_1_102' title='bbox 181 1907 280 1989; x_wconf 91' lang='lat' dir='ltr'>Atque</span> <span class='ocrx_word' id='word_1_103' title='bbox 296 1909 363 1968; x_wconf 92' lang='lat' dir='ltr'>ideo</span> <span class='ocrx_word' id='word_1_104' title='bbox 379 1909 513 1988; x_wconf 87' lang='lat' dir='ltr'>intrepidi</span> <span class='ocrx_word' id='word_1_105' title='bbox 529 1927 710 1990; x_wconf 78' lang='lat' dir='ltr'>quacunque</span> <span class='ocrx_word' id='word_1_106' title='bbox 726 1909 825 1970; x_wconf 90' lang='lat' dir='ltr'>altaria</span> <span class='ocrx_word' id='word_1_107' title='bbox 839 1922 969 1990; x_wconf 84' lang='lat' dir='ltr'>tangunt.</span> 
     </span>
    </p>

    <p class='ocr_par' dir='ltr' id='par_1_17' title="bbox 181 1991 1152 2298">
     <span class='ocr_line' id='line_1_18' title="bbox 182 1991 1152 2090; baseline 0 -20"><span class='ocrx_word' id='word_1_108' title='bbox 182 2008 240 2072; x_wconf 85' lang='lat' dir='ltr'>Est</span> <span class='ocrx_word' id='word_1_109' title='bbox 254 2011 336 2083; x_wconf 92' lang='lat' dir='ltr'>alius,</span> <span class='ocrx_word' id='word_1_110' title='bbox 352 2025 485 2070; x_wconf 88' lang='lat' dir='ltr'>metuens</span> <span class='ocrx_word' id='word_1_111' title='bbox 499 2031 537 2068; x_wconf 88' lang='lat' dir='ltr'>ne</span> <span class='ocrx_word' id='word_1_112' title='bbox 552 2011 664 2069; x_wconf 88' lang='lat' dir='ltr'>crimen</span> <span class='ocrx_word' id='word_1_113' title='bbox 678 2030 767 2090; x_wconf 89' lang='lat' dir='ltr'>poena</span> <span class='ocrx_word' id='word_1_114' title='bbox 781 1991 938 2090; x_wconf 90' lang='lat' dir='ltr'>sequatur:</span> <span class='ocrx_word' id='word_1_115' title='bbox 1110 2021 1152 2077; x_wconf 84' lang='lat'>90</span> 
     </span>
     <span class='ocr_line' id='line_1_19' title="bbox 182 2110 985 2194; baseline 0.005 -22"><span class='ocrx_word' id='word_1_116' title='bbox 182 2110 243 2172; x_wconf 91' lang='lat' dir='ltr'>Hic</span> <span class='ocrx_word' id='word_1_117' title='bbox 258 2123 341 2192; x_wconf 89' lang='lat' dir='ltr'>putat</span> <span class='ocrx_word' id='word_1_118' title='bbox 356 2131 421 2172; x_wconf 89' lang='lat' dir='ltr'>esse</span> <span class='ocrx_word' id='word_1_119' title='bbox 437 2111 509 2172; x_wconf 88' lang='lat' dir='ltr'>deos</span> <span class='ocrx_word' id='word_1_120' title='bbox 525 2123 554 2172; x_wconf 90' lang='lat' dir='ltr'>et</span> <span class='ocrx_word' id='word_1_121' title='bbox 567 2111 689 2194; x_wconf 88' lang='lat' dir='ltr'>pejerat,</span> <span class='ocrx_word' id='word_1_122' title='bbox 706 2124 793 2193; x_wconf 88' lang='lat' dir='ltr'>atque</span> <span class='ocrx_word' id='word_1_123' title='bbox 808 2113 847 2174; x_wconf 90' lang='lat' dir='ltr'>ita</span> <span class='ocrx_word' id='word_1_124' title='bbox 862 2135 985 2176; x_wconf 89' lang='lat' dir='ltr'>secum:</span> 
     </span>
     <span class='ocr_line' id='line_1_20' title="bbox 181 2213 970 2298; baseline 0.003 -20"><span class='ocrx_word' id='word_1_125' title='bbox 181 2215 345 2288; x_wconf 86' lang='lat' dir='ltr'>Decernat,</span> <span class='ocrx_word' id='word_1_126' title='bbox 362 2213 559 2296; x_wconf 87' lang='lat' dir='ltr'>quodcunque</span> <span class='ocrx_word' id='word_1_127' title='bbox 574 2214 661 2288; x_wconf 90' lang='lat' dir='ltr'>volet,</span> <span class='ocrx_word' id='word_1_128' title='bbox 678 2214 716 2275; x_wconf 91' lang='lat' dir='ltr'>de</span> <span class='ocrx_word' id='word_1_129' title='bbox 731 2235 855 2298; x_wconf 89' lang='lat' dir='ltr'>corpore</span> <span class='ocrx_word' id='word_1_130' title='bbox 869 2230 970 2280; x_wconf 90' lang='lat' dir='ltr'>nostro</span> 
     </span>
    </p>

    <p class='ocr_par' dir='ltr' id='par_1_18' title="bbox 179 2316 786 2394">
     <span class='ocr_line' id='line_1_21' title="bbox 179 2316 786 2394; baseline 0.007 -14"><span class='ocrx_word' id='word_1_131' title='bbox 179 2319 243 2393; x_wconf 85' lang='lat' dir='ltr'>Isis,</span> <span class='ocrx_word' id='word_1_132' title='bbox 260 2332 289 2379; x_wconf 89' lang='lat' dir='ltr'>et</span> <span class='ocrx_word' id='word_1_133' title='bbox 303 2319 374 2378; x_wconf 90' lang='lat' dir='ltr'>irato</span> <span class='ocrx_word' id='word_1_134' title='bbox 389 2316 474 2378; x_wconf 80' lang='lat' dir='ltr'>feriat</span> <span class='ocrx_word' id='word_1_135' title='bbox 488 2337 556 2378; x_wconf 88' lang='lat' dir='ltr'>mea</span> <span class='ocrx_word' id='word_1_136' title='bbox 569 2318 678 2380; x_wconf 89' lang='lat' dir='ltr'>lumina</span> <span class='ocrx_word' id='word_1_137' title='bbox 693 2319 786 2394; x_wconf 89' lang='lat' dir='ltr'>sistro,</span> 
     </span>
    </p>

    <p class='ocr_par' dir='ltr' id='par_1_19' title="bbox 179 2420 1062 2506">
     <span class='ocr_line' id='line_1_22' title="bbox 179 2420 1062 2506; baseline 0.006 -21"><span class='ocrx_word' id='word_1_138' title='bbox 179 2421 354 2485; x_wconf 91' lang='lat' dir='ltr'>Dummodo</span> <span class='ocrx_word' id='word_1_139' title='bbox 369 2420 415 2482; x_wconf 89' lang='lat' dir='ltr'>vel</span> <span class='ocrx_word' id='word_1_140' title='bbox 430 2442 531 2482; x_wconf 85' lang='lat' dir='ltr'>caecus</span> <span class='ocrx_word' id='word_1_141' title='bbox 545 2433 672 2495; x_wconf 85' lang='lat' dir='ltr'>teneam,</span> <span class='ocrx_word' id='word_1_142' title='bbox 688 2442 761 2502; x_wconf 86' lang='lat' dir='ltr'>quos</span> <span class='ocrx_word' id='word_1_143' title='bbox 776 2425 901 2506; x_wconf 83' lang='lat' dir='ltr'>abnego,</span> <span class='ocrx_word' id='word_1_144' title='bbox 916 2447 1062 2490; x_wconf 90' lang='lat' dir='ltr'>nummos.</span> 
     </span>
    </p>

    <p class='ocr_par' dir='ltr' id='par_1_20' title="bbox 180 2524 1148 2713">
     <span class='ocr_line' id='line_1_23' title="bbox 180 2524 1148 2606; baseline 0.005 -18"><span class='ocrx_word' id='word_1_145' title='bbox 180 2525 223 2588; x_wconf 88' lang='lat' dir='ltr'>Et</span> <span class='ocrx_word' id='word_1_146' title='bbox 237 2525 367 2606; x_wconf 87' lang='lat' dir='ltr'>phthisis,</span> <span class='ocrx_word' id='word_1_147' title='bbox 384 2537 415 2584; x_wconf 90' lang='lat' dir='ltr'>et</span> <span class='ocrx_word' id='word_1_148' title='bbox 428 2524 549 2584; x_wconf 88' lang='lat' dir='ltr'>vomicae</span> <span class='ocrx_word' id='word_1_149' title='bbox 561 2537 670 2605; x_wconf 76' lang='lat' dir='ltr'>putreS,</span> <span class='ocrx_word' id='word_1_150' title='bbox 687 2537 717 2585; x_wconf 88' lang='lat' dir='ltr'>et</span> <span class='ocrx_word' id='word_1_151' title='bbox 732 2525 884 2588; x_wconf 90' lang='lat' dir='ltr'>dimidium</span> <span class='ocrx_word' id='word_1_152' title='bbox 899 2549 977 2604; x_wconf 91' lang='lat' dir='ltr'>crus,</span> <span class='ocrx_word' id='word_1_153' title='bbox 1107 2535 1148 2593; x_wconf 81' lang='lat'>95</span> 
     </span>
     <span class='ocr_line' id='line_1_24' title="bbox 182 2625 1019 2713; baseline 0.008 -26"><span class='ocrx_word' id='word_1_154' title='bbox 182 2627 258 2688; x_wconf 85' lang='lat' dir='ltr'>Sunt</span> <span class='ocrx_word' id='word_1_155' title='bbox 272 2625 368 2686; x_wconf 83' lang='lat' dir='ltr'>tanti?</span> <span class='ocrx_word' id='word_1_156' title='bbox 412 2625 533 2706; x_wconf 89' lang='lat' dir='ltr'>Pauper</span> <span class='ocrx_word' id='word_1_157' title='bbox 548 2627 725 2706; x_wconf 88' lang='lat' dir='ltr'>locupletem</span> <span class='ocrx_word' id='word_1_158' title='bbox 741 2643 842 2710; x_wconf 88' lang='lat' dir='ltr'>optare</span> <span class='ocrx_word' id='word_1_159' title='bbox 857 2633 1019 2713; x_wconf 83' lang='lat' dir='ltr'>podagram</span> 
     </span>
    </p>

    <p class='ocr_par' dir='ltr' id='par_1_21' title="bbox 181 2727 910 2808">
     <span class='ocr_line' id='line_1_25' title="bbox 181 2727 910 2808; baseline 0.003 -18"><span class='ocrx_word' id='word_1_160' title='bbox 181 2728 231 2790; x_wconf 88' lang='lat' dir='ltr'>Ne</span> <span class='ocrx_word' id='word_1_161' title='bbox 247 2727 359 2788; x_wconf 90' lang='lat' dir='ltr'>dubitet</span> <span class='ocrx_word' id='word_1_162' title='bbox 373 2727 485 2801; x_wconf 88' lang='lat' dir='ltr'>Ladas,</span> <span class='ocrx_word' id='word_1_163' title='bbox 502 2727 525 2787; x_wconf 90' lang='lat' dir='ltr'>si</span> <span class='ocrx_word' id='word_1_164' title='bbox 539 2747 598 2786; x_wconf 92' lang='lat' dir='ltr'>non</span> <span class='ocrx_word' id='word_1_165' title='bbox 613 2741 682 2808; x_wconf 80' lang='lat' dir='ltr'>eget</span> <span class='ocrx_word' id='word_1_166' title='bbox 696 2729 839 2808; x_wconf 75' lang='lat' dir='ltr'>Anticyrd</span> <span class='ocrx_word' id='word_1_167' title='bbox 853 2752 910 2792; x_wconf 88' lang='lat' dir='ltr'>nec</span> 
     </span>
    </p>

    <p class='ocr_par' dir='ltr' id='par_1_22' title="bbox 179 2829 933 2913">
     <span class='ocr_line' id='line_1_26' title="bbox 179 2829 933 2913; baseline 0.007 -22"><span class='ocrx_word' id='word_1_168' title='bbox 179 2830 359 2910; x_wconf 79' lang='lat' dir='ltr'>Archigene.</span> <span class='ocrx_word' id='word_1_169' title='bbox 406 2829 488 2900; x_wconf 83' lang='lat' dir='ltr'>Quid</span> <span class='ocrx_word' id='word_1_170' title='bbox 504 2829 583 2889; x_wconf 91' lang='lat' dir='ltr'>enim</span> <span class='ocrx_word' id='word_1_171' title='bbox 598 2829 709 2891; x_wconf 89' lang='lat' dir='ltr'>velocis</span> <span class='ocrx_word' id='word_1_172' title='bbox 722 2830 813 2911; x_wconf 85' lang='lat' dir='ltr'>gloria</span> <span class='ocrx_word' id='word_1_173' title='bbox 827 2833 933 2913; x_wconf 90' lang='lat' dir='ltr'>plantae</span> 
     </span>
    </p>

    <p class='ocr_par' dir='ltr' id='par_1_23' title="bbox 180 2932 860 3006">
     <span class='ocr_line' id='line_1_27' title="bbox 180 2932 860 3006; baseline 0.001 -11"><span class='ocrx_word' id='word_1_174' title='bbox 180 2933 315 3006; x_wconf 87' lang='lat' dir='ltr'>Praestat,</span> <span class='ocrx_word' id='word_1_175' title='bbox 331 2946 361 2992; x_wconf 88' lang='lat' dir='ltr'>et</span> <span class='ocrx_word' id='word_1_176' title='bbox 375 2937 505 2992; x_wconf 87' lang='lat' dir='ltr'>esuriens</span> <span class='ocrx_word' id='word_1_177' title='bbox 519 2932 621 2994; x_wconf 77' lang='lat' dir='ltr'>Pisaere</span> <span class='ocrx_word' id='word_1_178' title='bbox 636 2954 736 2996; x_wconf 86' lang='lat' dir='ltr'>ramus</span> <span class='ocrx_word' id='word_1_179' title='bbox 750 2935 860 2996; x_wconf 85' lang='lat' dir='ltr'>olivae?</span> 
     </span>
    </p>

    <p class='ocr_par' dir='ltr' id='par_1_24' title="bbox 178 3035 1147 3220">
     <span class='ocr_line' id='line_1_28' title="bbox 178 3035 1147 3134; baseline 0.007 -36"><span class='ocrx_word' id='word_1_180' title='bbox 178 3036 222 3098; x_wconf 91' lang='lat' dir='ltr'>Ut</span> <span class='ocrx_word' id='word_1_181' title='bbox 236 3037 272 3099; x_wconf 90' lang='lat' dir='ltr'>sit</span> <span class='ocrx_word' id='word_1_182' title='bbox 287 3057 402 3117; x_wconf 85' lang='lat' dir='ltr'>magna,</span> <span class='ocrx_word' id='word_1_183' title='bbox 418 3048 517 3096; x_wconf 89' lang='lat' dir='ltr'>tamen</span> <span class='ocrx_word' id='word_1_184' title='bbox 532 3035 612 3096; x_wconf 76' lang='lat' dir='ltr'>certe</span> <span class='ocrx_word' id='word_1_185' title='bbox 626 3036 704 3096; x_wconf 88' lang='lat' dir='ltr'>lenta</span> <span class='ocrx_word' id='word_1_186' title='bbox 718 3037 760 3096; x_wconf 87' lang='lat' dir='ltr'>ira</span> <span class='ocrx_word' id='word_1_187' title='bbox 775 3038 898 3102; x_wconf 89' lang='lat' dir='ltr'>deorum</span> <span class='ocrx_word' id='word_1_188' title='bbox 914 3056 967 3134; x_wconf 72' lang='lat' dir='ltr'>est.</span> <span class='ocrx_word' id='word_1_189' title='bbox 1086 3053 1147 3110; x_wconf 83' lang='lat' dir='ltr'>loo</span> 
     </span>
     <span class='ocr_line' id='line_1_29' title="bbox 179 3138 847 3220; baseline 0 -19"><span class='ocrx_word' id='word_1_190' title='bbox 179 3139 213 3201; x_wconf 88' lang='lat' dir='ltr'>Si</span> <span class='ocrx_word' id='word_1_191' title='bbox 228 3151 331 3200; x_wconf 88' lang='lat' dir='ltr'>curant</span> <span class='ocrx_word' id='word_1_192' title='bbox 343 3139 427 3220; x_wconf 85' lang='lat' dir='ltr'>igitur</span> <span class='ocrx_word' id='word_1_193' title='bbox 442 3151 565 3200; x_wconf 84' lang='lat' dir='ltr'>cunctos</span> <span class='ocrx_word' id='word_1_194' title='bbox 580 3138 682 3219; x_wconf 89' lang='lat' dir='ltr'>punire</span> <span class='ocrx_word' id='word_1_195' title='bbox 697 3151 847 3214; x_wconf 86' lang='lat' dir='ltr'>nocentes,</span> 
     </span>
    </p>

    <p class='ocr_par' dir='ltr' id='par_1_25' title="bbox 178 3241 992 3516">
     <span class='ocr_line' id='line_1_30' title="bbox 179 3241 992 3313; baseline 0.012 -11"><span class='ocrx_word' id='word_1_196' title='bbox 179 3241 311 3313; x_wconf 81' lang='lat' dir='ltr'>Quando</span> <span class='ocrx_word' id='word_1_197' title='bbox 326 3243 427 3304; x_wconf 89' lang='lat' dir='ltr'>adme</span> <span class='ocrx_word' id='word_1_198' title='bbox 442 3241 583 3306; x_wconf 85' lang='lat' dir='ltr'>venient?</span> <span class='ocrx_word' id='word_1_199' title='bbox 606 3242 658 3304; x_wconf 89' lang='lat' dir='ltr'>sed</span> <span class='ocrx_word' id='word_1_200' title='bbox 675 3255 704 3304; x_wconf 91' lang='lat' dir='ltr'>et</span> <span class='ocrx_word' id='word_1_201' title='bbox 719 3244 868 3306; x_wconf 85' lang='lat' dir='ltr'>exorabile</span> <span class='ocrx_word' id='word_1_202' title='bbox 882 3267 992 3312; x_wconf 89' lang='lat' dir='ltr'>numen</span> 
     </span>
     <span class='ocr_line' id='line_1_31' title="bbox 178 3341 951 3428; baseline 0.008 -22"><span class='ocrx_word' id='word_1_203' title='bbox 178 3341 319 3406; x_wconf 88' lang='lat' dir='ltr'>Fortasse</span> <span class='ocrx_word' id='word_1_204' title='bbox 334 3347 489 3428; x_wconf 82' lang='lat' dir='ltr'>experiar:</span> <span class='ocrx_word' id='word_1_205' title='bbox 512 3347 585 3408; x_wconf 87' lang='lat' dir='ltr'>solet</span> <span class='ocrx_word' id='word_1_206' title='bbox 598 3347 643 3408; x_wconf 90' lang='lat' dir='ltr'>his</span> <span class='ocrx_word' id='word_1_207' title='bbox 656 3347 820 3428; x_wconf 83' lang='lat' dir='ltr'>ignoscere.</span> <span class='ocrx_word' id='word_1_208' title='bbox 865 3348 951 3414; x_wconf 91' lang='lat' dir='ltr'>Multi</span> 
     </span>
     <span class='ocr_line' id='line_1_32' title="bbox 179 3445 855 3516; baseline 0.001 -5"><span class='ocrx_word' id='word_1_209' title='bbox 179 3445 375 3512; x_wconf 85' lang='lat' dir='ltr'>Committuot</span> <span class='ocrx_word' id='word_1_210' title='bbox 389 3451 495 3514; x_wconf 88' lang='lat' dir='ltr'>eadem</span> <span class='ocrx_word' id='word_1_211' title='bbox 511 3452 627 3516; x_wconf 87' lang='lat' dir='ltr'>diverso</span> <span class='ocrx_word' id='word_1_212' title='bbox 640 3451 762 3514; x_wconf 88' lang='lat' dir='ltr'>crimina</span> <span class='ocrx_word' id='word_1_213' title='bbox 776 3449 855 3513; x_wconf 82' lang='lat' dir='ltr'>fato:</span> 
     </span>
    </p>
   </div>
   <div class='ocr_carea' id='block_1_6' title="bbox 0 0 1270 4008">
    <p class='ocr_par' dir='ltr' id='par_1_26' title="bbox 0 0 1270 4008">
     <span class='ocr_line' id='line_1_33' title="bbox 0 0 1270 4008; baseline 0 5"><span class='ocrx_word' id='word_1_214' title='bbox 0 0 1270 4008; x_wconf 95' lang='lat' dir='ltr'> </span> 
     </span>
    </p>
   </div>
  </div>
 </body>
</html>
