2534 4022
510 401 515 410 ’
563 393 685 444 samam
700 388 733 442 V.
836 391 839 398 '

171 544 254 606 Dum
269 542 354 607 sedet
368 555 399 606 et
413 543 504 607 siccat
519 543 652 607 madidas
666 543 696 606 in
710 562 833 606 carcere
848 562 971 625 pennas,

172 647 373 711 Contemnunt
388 649 518 711 mediam
533 647 690 710 temeraria
705 647 764 710 lina
778 645 977 730 Charybdim.

171 751 235 816 Vos
250 753 376 836 anguilla
391 765 491 814 manet
505 752 598 836 longae
613 765 741 836 cognata
755 752 894 827 colubra,

171 857 233 918 Aut
247 857 341 940 glacie
357 856 514 940 adspersus
529 857 652 920 maculis
666 855 837 932 Tiberinus,
854 869 884 918 et
897 855 961 938 ipse

170 957 303 1022 Vernula
317 961 447 1044 riparum
462 961 576 1044 pinguis
590 973 719 1023 torrente
734 958 849 1035 cloacd,
874 1012 878 1022 .

172 1061 213 1125 Et
228 1064 330 1127 solitus
344 1064 450 1126 media
465 1081 600 1148 cryptam
616 1077 772 1148 penetrare
789 1063 925 1126 Subura.

212 1167 271 1250 Ipsi
287 1189 382 1252 pauca
398 1169 495 1245 velim,
511 1167 628 1231 facilem
644 1169 667 1232 si
682 1169 811 1252 prebeat
826 1189 939 1231 aurem.

170 1271 271 1336 Nemo
284 1273 363 1356 petit,
379 1273 504 1336 modicis
519 1293 584 1357 que
599 1273 788 1336 mittebantur
802 1273 905 1335 amicis

170 1377 200 1438 A
214 1376 345 1452 Seneca,
361 1397 425 1459 quae
441 1376 513 1439 Piso
529 1377 633 1452 bonus,
649 1399 713 1459 quae
729 1375 819 1438 Cotta
835 1376 948 1438 solebat

170 1479 286 1562 Largiri
299 1501 309 1558 3
331 1499 459 1562 namque
475 1493 504 1541 et
518 1479 605 1542 titulis
620 1493 650 1541 et
664 1477 792 1542 fascibus
806 1479 877 1543 olim

168 1583 267 1668 Major
281 1585 443 1660 habebatur
458 1583 586 1646 donandi
601 1584 714 1667 gloria3
737 1584 832 1647 solum

170 1685 337 1764 Poscimus‚
353 1701 384 1750 ut
398 1709 500 1751 ccenes
515 1688 647 1751 civiliter.
694 1687 764 1751 Hoc
779 1689 856 1765 sace,
874 1703 903 1752 et
918 1703 991 1766 esto,

170 1790 253 1869 Esto,
271 1807 301 1856 ut
315 1815 393 1858 nunc
408 1793 500 1870 multi,
516 1793 599 1855 dives
613 1793 673 1869 tibi,
690 1815 802 1877 pauper
817 1793 929 1856 amicis.

210 1897 333 1960 Anseris
348 1911 414 1960 ante
429 1898 525 1980 ipsum
541 1896 742 1980 magnijecur,
759 1899 978 1982 anseribusxpar

168 2001 272 2077 Altilis,
287 2015 317 2064 et
332 2000 398 2063 ilavi
413 2001 518 2083 dignus
534 1997 612 2062 scrro
627 2001 772 2082 Meleagri

167 2103 279 2166 Fumat
293 2125 385 2187 aper:
406 2117 472 2187 post
487 2104 565 2166 bunc
581 2103 732 2165 tradentur
746 2105 858 2180 tubera,
874 2105 897 2168 si
912 2126 965 2168 ver

166 2207 256 2270 Tunc
272 2207 335 2284 erit,
351 2223 381 2270 et
396 2206 503 2270 sacient
516 2219 614 2292 optata
630 2208 754 2271 tonitrua
769 2229 871 2273 coenas

167 2311 308 2397 Majores.
353 2312 423 2375 Tibi
435 2313 512 2376 habe
526 2310 714 2389 frumentum,
731 2313 864 2376 Alledius
878 2314 989 2398 inquit,

167 2415 197 2478 0
213 2415 331 2500 Libye3
354 2417 487 2502 disjunge
503 2417 604 2493 boves,
620 2418 691 2479 dum
705 2417 809 2479 tubera
824 2418 941 2481 mittas!

210 2521 393 2584 Structorem
408 2521 529 2596 interea,
546 2542 584 2583 ne
600 2541 656 2604 qua
672 2521 830 2604 indignatio
846 2521 930 2597 desit,

169 2627 331 2688 Saltantem
345 2637 472 2707 spectes,
488 2639 519 2686 et
532 2625 752 2688 chironomonta
767 2625 873 2688 volanti

167 2727 306 2805 Cultello,
322 2727 419 2790 donec
434 2741 556 2809 peragat
571 2727 679 2789 dictata
694 2729 822 2810 magistri

167 2832 296 2895 Omnia:
320 2853 377 2894 nec
392 2831 514 2893 minimo
528 2831 600 2893 sane
615 2829 783 2894 discrimine
798 2831 897 2912 refert,

165 2937 237 3012 Quo
252 2951 336 3020 gestu
351 2937 478 3018 lepores,
494 2949 524 2998 et
539 2957 598 3020 quo
612 2935 719 3020 gallina
734 2953 862 3001 secetur.

164 3042 294 3105 Duceris
308 3039 416 3125 planti,
433 3039 511 3102 velut
525 3041 600 3103 ictus
615 3041 652 3102 ab
668 3039 801 3104 Hercule
817 3042 930 3120 Cacus,
1071 3055 1131 3114 125

164 3149 207 3212 Et
221 3147 333 3230 ponere
346 3144 426 3222 soris,
441 3143 464 3207 si
481 3142 550 3230 quid
565 3143 722 3206 tentaveris
736 3165 864 3229 uuquam
1139 3219 1142 3226 .

165 3250 302 3327 Hiscere,
317 3263 457 3334 tanquam
473 3249 583 3313 babeas
597 3250 650 3312 tria
665 3251 793 3330 nomina.
831 3251 962 3326 Quando
977 3257 1111 3342 propinat

163 3353 252 3416 Virro
266 3354 327 3430 tibi,
343 3355 489 3438 sumitque
505 3353 561 3417 tuis
575 3369 712 3418 contacta
726 3355 839 3420 labellis

163 3457 303 3521 Pocula?
325 3460 390 3542 quis
405 3459 534 3521 vestninr
548 3459 722 3522 temerarius
737 3481 830 3543 usque
846 3461 933 3539 adab,
949 3466 1014 3547 quis

52 3579 69 3612 ⁸
161 3563 310 3640 Perditus,
326 3577 357 3625 ut
371 3562 451 3630 dicat
465 3563 538 3645 regi,
553 3561 657 3626 Bibe?
702 3562 834 3628 Plurima
850 3583 926 3642 sunt,
942 3587 1011 3649 quae
1069 3573 1130 3634 130
