2532 4008
97 346 158 402 114
421 340 454 386 D.
470 339 563 388 JUNll
579 339 770 388 JUVENALIS

93 486 162 548 Nec
177 487 257 569 priris
271 487 339 548 inde
356 487 488 561 domum,
505 487 591 569 qudm
610 501 668 548 tota
683 487 797 548 novalia
812 504 908 547 saevos·

93 591 126 652 In
142 608 259 654 ventres
274 594 388 666 abeant,
406 604 436 652 ut
451 592 557 652 credas
572 591 695 653 falcibus
711 605 820 652 actum.

93 694 205 757 Dicere
221 697 270 758 vix
285 696 389 778 possis,
406 695 494 777 qu'am
510 695 591 756 multi
607 695 673 756 talia
689 695 813 777 plorent,
1006 697 1067 754 150

93 799 134 860 Et
150 814 219 880 quot
235 801 353 862 venales
367 799 470 882 injuria
486 797 588 860 lecerit
604 819 698 880 agros

93 903 155 964 Sed
173 905 221 986 qui
237 903 412 966 sermones?
437 903 526 985 quam
541 903 632 964 soedae
648 903 773 965 buccina
789 901 899 964 same?

91 1007 173 1079 Quid
191 1023 279 1070 nocet
293 1007 376 1069 hoc?
399 1008 500 1089 inquit.
548 1009 694 1070 Tunicam
711 1007 781 1068 mihi
796 1006 874 1070 mulo
889 1006 988 1089 lupini,

90 1111 192 1184 Quam
209 1113 232 1174 si
247 1135 295 1174 me
310 1126 370 1174 toto
385 1113 485 1173 laudet
500 1113 604 1174 vicinia
618 1133 705 1194 page,

91 1215 203 1298 Exigui
219 1218 292 1304 ruris
307 1216 484 1299 paucissima
500 1216 576 1278 sarra
592 1231 753 1278 secantem.
1003 1218 1063 1276 155

93 1321 214 1382 Scilicet
229 1335 258 1384 et
274 1322 383 1384 morbis
398 1336 427 1383 et
443 1321 591 1383 debilitate
607 1323 732 1396 carebis
975 1323 979 1330 “

90 1425 131 1486 Et
145 1427 256 1487 luctum
273 1441 302 1488 et
317 1448 419 1487 curam
437 1426 570 1507 effugies,
586 1440 615 1488 et
630 1439 764 1508 tempora
784 1425 849 1488 vitae

90 1529 197 1610 Longa
212 1531 260 1590 tibi
275 1545 340 1611 post
356 1531 419 1597 lraec
435 1529 494 1590 sato
510 1531 631 1591 meliore
647 1531 813 1607 dabuntur3

91 1633 123 1694 Si
139 1647 250 1694 tantum
265 1634 334 1694 culti
349 1634 428 1694 solus
443 1633 610 1714 possederis
625 1635 696 1716 agri,

89 1736 243 1808 Quantum
259 1739 312 1800 sub
327 1737 417 1800 Tatio
433 1739 562 1820 populus
575 1738 729 1800 Romanus
745 1739 855 1802 arabat.
899 1795 900 1800 ,
1003 1741 1064 1800 160

89 1842 165 1902 Mox
182 1843 269 1904 etiam
285 1841 384 1904 stactis
399 1856 483 1904 aetate
499 1865 534 1906 ac
550 1843 664 1906 Punica
681 1845 773 1926 passis

89 1945 210 2022 Proelia,
227 1949 273 2008 vel
289 1947 438 2030 Pyrrhum
453 1949 624 2023 immanem,
640 1950 809 2032 gladiosque
824 1947 980 2022 Molossos,

89 2051 227 2114 Tandem
244 2075 298 2135 pro
313 2054 409 2116 multis
426 2053 475 2114 vix
485 2053 591 2136 jugera
608 2054 674 2115 bina
690 2055 835 2116 dabantur

87 2155 286 2218 Vulneribus:
309 2179 424 2216 merces
439 2158 503 2216 haec
518 2157 665 2236 sanguinis
681 2171 767 2238 atque
783 2159 890 2219 laboris

88 2259 184 2321 Nullis
199 2260 259 2320 visa
275 2280 403 2339 unquam
420 2259 528 2318 meritis
544 2259 646 2332 minor,
663 2274 713 2319 unt
727 2259 847 2339 ingrate
1002 2264 1065 2324 tue

89 2363 183 2425 Curta
198 2363 272 2422 fides
287 2353 396 2443 patriae.
444 2359 600 2422 Saturabat
614 2362 730 2442 glebula
746 2362 810 2423 talis

87 2467 208 2529 Patrem
224 2467 320 2548 ipsum
336 2467 509 2547 turbamque
523 2485 610 2540 casae,
623 2465 681 2548 qud
696 2464 766 2528 sueta
775 2466 896 2550 jacebat

86 2573 183 2649 Uxor,
199 2585 228 2631 et
243 2570 366 2630 infantes
381 2571 522 2631 ludebant
537 2585 669 2652 quatuor,
686 2595 760 2635 unus

85 2676 227 2750 Vernula,
243 2689 302 2737 tres
317 2675 447 2736 domini:
470 2676 523 2738 sed
540 2677 652 2759 magnis
669 2677 801 2742 fratribus
816 2679 931 2754 borum,

85 2783 115 2842 A
130 2782 234 2844 scrobe
251 2782 296 2842 vel
308 2781 390 2842 sulco
405 2782 605 2856 redeuntibus,
622 2785 711 2870 altera
726 2805 813 2875 coena
999 2790 1064 2846 170

84 2887 228 2966 Amplior,
245 2897 275 2943 et
289 2883 415 2963 grandes
431 2883 581 2942 fumabant
597 2885 722 2963 pultibus
737 2885 810 2944 ollae.
837 2951 838 2955 Ἰ

83 2989 115 3051 N
117 3010 173 3050 unc
188 2987 294 3048 modus
308 2987 357 3046 hic
373 2985 433 3066 agri
449 2997 546 3046 nostro
561 3007 618 3046 non
635 2987 742 3048 sufficit
755 2987 849 3052 horto.

83 3095 157 3157 Ind'e
175 3091 236 3154 sere
252 3091 398 3153 scelerum
414 3111 533 3168 causae;
555 3113 611 3154 nec
627 3092 710 3174 plura
724 3113 839 3154 venena

83 3199 212 3272 Miscuit,
228 3211 276 3258 attt
292 3195 369 3257 lerro
384 3207 530 3276 grassatur
545 3196 649 3276 saepids
665 3196 755 3254 ullum

83 3303 229 3368 Humanae
246 3299 350 3360 mentis
364 3297 474 3369 vitium,
491 3297 580 3376 quam
596 3319 672 3358 saeva
687 3299 798 3379 cupido
995 3311 1057 3368 175

79 3407 216 3472 Indomiti
232 3401 357 3465 census:
382 3423 449 3462 nam
466 3399 547 3462 dives
563 3401 611 3484 qui
627 3402 689 3464 fieri
701 3405 772 3480 vult,

80 3517 122 3579 Et
137 3512 194 3574 cito
209 3509 269 3570 vult
284 3505 357 3568 fieri.
404 3505 467 3568 Sed
483 3526 546 3589 quae
562 3509 725 3572 reverentia
740 3510 849 3594 legum,
