2534 4022
583 343 706 394 samur
721 344 754 394 X·

179 491 380 576 Temporibus
394 491 573 576 dirisigitur,
584 491 730 577 jussuque
745 491 886 567 Neronis,

180 596 349 680 longinum
364 611 395 661 et
408 601 533 680 magnos
548 597 673 662 Senecae
688 599 844 681 predivitis
858 597 958 660 hortos

181 698 305 778 Clausit,
321 715 351 766 et
366 701 501 785 egregias
515 701 732 766 Lateranorum
746 702 863 776 obsidet
876 700 955 768 tedes

181 803 262 868 Tota
277 807 405 870 cohors:
427 827 510 870 rarus
523 807 604 870 venit
617 807 646 870 iu
661 807 815 870 coenacula
830 807 925 884 miles.

182 906 288 971 Pauca
301 909 372 972 licet
385 923 484 993 portes
499 911 611 993 argenti
625 912 745 974 vascula
758 911 834 994 puri,

183 1011 283 1076 Nocte
297 1013 352 1076 iter
366 1013 513 1096 ingressus
526 1014 657 1098 gladium
672 1027 851 1098 contumque
866 1015 992 1090 timebis,

164 1101 168 1103 ’
183 1113 225 1178 Et
240 1129 325 1179 motae
340 1118 379 1180 ad
394 1118 493 1182 lunam
509 1119 669 1203 trepidabis
683 1119 832 1184 arundinis
848 1120 1003 1184 umbram:

180 1217 324 1282 Cantabit
333 1243 445 1286 vacuus
459 1245 561 1288 coram
575 1224 688 1288 latrone
700 1225 802 1287 tiator.

183 1321 288 1386 Prima
301 1323 364 1386 sere
379 1339 448 1388 vota
462 1339 492 1388 et
506 1327 619 1390 cunctis
633 1328 782 1390 notissima
796 1329 913 1411 templis

183 1423 322 1506 Divitiae3
345 1441 480 1491 crescant
494 1441 526 1491 ut
539 1451 622 1512 opes,
638 1443 670 1491 ut
683 1431 814 1492 maxima
829 1443 889 1494 toto

183 1529 294 1594 Nostra
308 1533 344 1594 sit
359 1553 428 1594 area
442 1531 516 1596 soro.
563 1533 625 1596 Sed
640 1535 719 1596 nulla
735 1535 850 1598 aconita
866 1535 1002 1598 bibuntur

183 1631 345 1698 Fictilibus.
391 1635 480 1700 Tunc
491 1637 539 1700 illa
553 1637 635 1713 time,
650 1659 741 1720 quum
755 1639 862 1722 pocula
876 1659 977 1703 sumes

185 1737 355 1816 Gemmata,
371 1754 401 1804 et
416 1741 475 1804 lato
491 1741 627 1807 Setinum
643 1743 756 1806 ardebit
770 1745 799 1806 in
815 1767 898 1808 auro.

182 1841 290 1908 Jamne
304 1845 390 1928 igitur
403 1847 517 1924 laudas,
532 1849 612 1931 quod
628 1847 666 1910 de
682 1849 860 1931 sapientibus
875 1848 947 1912 alter

117 1951 122 1963 ’
184 1945 326 2024 Ridebat,
343 1949 456 2032 quoties
471 1949 510 2012 de
524 1951 624 2014 limine
639 1965 773 2014 moverat
787 1972 878 2014 unum

184 2049 410 2133 Protuleratque
425 2053 534 2136 pedem
548 2074 558 2130 ;
578 2052 669 2114 flebat
683 2054 845 2114 contrarius
859 2053 985 2116 auctor?

187 2153 250 2216 Sed
265 2153 358 2217 facilis
373 2155 464 2218 cuivis
477 2155 562 2236 rigidi
577 2177 703 2218 censura
717 2157 873 2220 cachinni:

184 2256 356 2322 Mirandum
371 2272 425 2335 est,
440 2259 519 2322 uude
534 2259 582 2322 ille
596 2261 689 2322 oculis
703 2261 853 2328 suffecerit
866 2261 983 2326 humor.

184 2359 336 2446 Perpetuo
350 2363 409 2426 risu
423 2363 595 2448 pulmonem
610 2365 719 2448 agitare
735 2366 849 2432 solebat

184 2465 388 2542 Democritus,
403 2488 571 2551 quanquam
585 2489 644 2531 nou
657 2483 758 2532 essent
770 2469 890 2532 urbibus
905 2471 959 2534 illis

184 2569 346 2644 Pretexta,
361 2583 393 2632 et
405 2571 523 2646 trabeae,
539 2570 646 2648 fasces,
660 2572 777 2651 lectica,
793 2573 928 2656 tribunal.

185 2673 281 2748 Quid,
297 2673 321 2734 si
335 2673 454 2734 vidisset
468 2687 622 2755 pretorem
637 2677 771 2740 curribus
786 2677 850 2740 altis

185 2775 376 2850 Exstautem,
391 2789 422 2838 et
435 2775 535 2838 medio
549 2777 705 2840 sublimem
719 2779 748 2840 in
763 2779 884 2862 pulvere
899 2777 981 2842 Circi

183 2882 220 2944 In
234 2880 334 2944 tunicis
346 2877 440 2956 Joris,
455 2893 485 2942 et
499 2879 584 2963 pictae
602 2879 731 2946 Sarrana
744 2880 889 2946 ferentem
922 2923 926 2930 ·

184 2985 238 3050 Ex
251 2985 381 3055 humeris
396 2984 488 3048 aulea
501 2997 590 3066 toga,
606 3006 778 3069 magnaeque
792 3008 912 3052 coronae
1262 3045 1263 3048 ,

183 3089 317 3156 Tantum
332 3091 446 3168 orbern,
462 3087 571 3172 quantis
585 3088 688 3150 cervix
701 3109 759 3151 non
774 3091 880 3154 sufficit
894 3092 975 3154 ulla?
1115 3103 1157 3160 40

184 3193 307 3278 Quippe
322 3207 403 3258 tenet
417 3192 527 3258 sudans
541 3191 618 3256 hauc
632 3191 778 3275 publicus,
793 3207 833 3269 et,
848 3193 903 3258 sibi
917 3199 1021 3262 consul
1262 3183 1263 3198 ¹

185 3297 237 3362 Ne
251 3298 376 3380 placeat,
391 3319 479 3374 curru
491 3316 596 3374 ,servus
610 3309 742 3380 portatur
756 3297 877 3374 eodem,

184 3400 237 3464 Da
250 3421 329 3464 nunc
343 3414 374 3465 et
387 3401 549 3480 volucrem,
563 3413 760 3485 sceptroque
772 3403 867 3484 surgit
880 3402 1005 3482 eborum

183 3504 268 3570 Illinc
283 3491 459 3584 cornicines,
473 3507 542 3572 hinc
556 3506 754 3652 pgaecedeutia
768 3505 848 3591 longi
