2532 4008
128 321 169 382 96
431 318 781 370 nnumrruvmtrms

128 465 318 553 Praecipitare
333 469 435 532 volens
449 470 539 532 etiam
554 468 762 552 pulcherrime,
778 478 894 530 vestem

128 573 326 656 Purpuream,
340 575 448 638 teneris
464 594 582 658 quoque
597 572 811 636 Maecenatibus
825 583 935 653 aptam,

129 679 229 762 Atque
245 679 325 754 alias,
341 700 466 763 quarum
481 678 616 761 generosi
631 676 768 760 graminis
783 675 879 757 ipsum

129 782 235 846 Infecit
248 797 352 846 natura
366 803 458 865 pecus
471 805 480 862 3
503 783 555 846 sed
571 796 602 844 et
616 781 754 863 egregius
767 777 832 842 sons

129 885 250 950 Viribus
263 887 395 962 occultis,
411 901 441 949 et
454 886 585 950 Baeticus
599 885 718 970 adjuvat
732 887 794 946 aer.

130 991 184 1054 Ille
198 1012 255 1054 nec
271 1005 425 1073 argentum
440 991 591 1054 dubitabat
604 990 730 1063 mittere,
745 989 847 1050 lances
901 997 903 1002 '

132 1093 294 1158 Parthenio
309 1093 411 1169 factes,
427 1115 506 1156 uruae
521 1107 634 1156 cratera
649 1113 804 1175 capacem,

132 1197 174 1262 Et
189 1199 310 1280 dignum
325 1199 439 1262 sitiente
453 1198 561 1274 Pholo,
576 1199 623 1260 vel
637 1198 763 1282 conjuge
779 1196 882 1260 Fusci.

134 1303 224 1365 Adde
240 1317 271 1365 et
284 1304 461 1380 bascaudas,
476 1318 506 1366 et
521 1304 599 1366 mille
614 1303 737 1377 escaria,
753 1303 877 1364 multum
1077 1369 1083 1377 ,

133 1406 249 1483 Caelati,
264 1407 377 1470 biberat
391 1429 449 1490 quo
466 1409 589 1470 callidus
603 1421 719 1490 emptor
734 1406 867 1489 Olynthi.
1064 1409 1105 1466 45

135 1513 199 1575 Sed
214 1512 278 1594 quis
293 1533 371 1573 nunc
387 1509 469 1586 cline,
485 1512 544 1594 quai
559 1512 661 1572 mundi
677 1523 770 1592 parte,
787 1511 853 1592 quis
867 1510 957 1572 audet

134 1617 267 1697 Argenta
281 1613 418 1697 praeferre
433 1627 523 1696 caput
536 1614 683 1696 rebusque
699 1613 849 1676 salutem?
917 1606 919 1613 ’

133 1724 205 1787 Non
220 1737 338 1808 propter
353 1725 440 1795 uitem
456 1723 568 1786 faciunt
582 1724 755 1807 patrimonia
772 1724 904 1807 quidam,
1009 1725 1013 1730 ’

136 1829 199 1891 Sed
213 1829 283 1891 vitio
298 1830 370 1893 oaeei
385 1843 504 1913 propter
519 1829 692 1912 patrimonia
706 1830 817 1892 vivunt.

134 1931 267 1996 laetatur
281 1953 380 1995 rerum
396 1934 507 1996 utilium
523 1955 593 2017 pars
608 1935 758 1996 maxima:
783 1934 835 1997 sed
851 1955 908 1998 nec

134 2036 254 2100 Damna
269 2038 376 2100 levant.
421 2038 521 2114 Tunc,
538 2040 669 2104 adversis
685 2040 864 2122 urgentibus,
879 2039 948 2100 illuc

135 2141 266 2216 Recidit,
283 2155 314 2203 ut
329 2143 438 2218 malum
453 2142 531 2204 serro
547 2145 740 2220 submitteret,
755 2165 791 2205 ac
807 2166 839 2206 se

135 2245 277 2328 Explicat
292 2241 455 2327 angustum,
471 2248 644 2311 discriminis
660 2248 895 2328 ultima-quando

135 2345 277 2407 Praesidia
293 2346 450 2424 afferimuS,
465 2371 571 2412 navem
586 2348 701 2410 sectura
715 2348 871 2408 minorem.

134 2447 149 2509 1
164 2471 251 2525 nunc,
269 2463 298 2512 et
312 2451 404 2514 ventis
420 2453 547 2515 animam
561 2452 723 2527 committe,
739 2451 837 2514 dolato

136 2553 276 2617 Confisus
290 2556 378 2638 ligno,
394 2559 489 2640 digitis
505 2579 522 2619 a
537 2571 631 2620 morte
647 2570 778 2619 remotus

136 2655 273 2732 Quatuor
288 2673 338 2722 aut
352 2676 475 2744 septem,
491 2661 515 2723 si
530 2661 566 2724 sit
579 2662 718 2725 latissima
733 2663 810 2724 taeda
824 2666 831 2724 l

136 2763 213 2828 Mox
230 2787 299 2827 cum
315 2767 452 2842 reticulis,
469 2781 498 2828 et
512 2789 600 2848 pane,
616 2783 646 2829 et
660 2786 761 2829 ventre
777 2768 898 2846 legere,

138 2868 269 2951 Adspice
285 2869 444 2930 sumendas
459 2869 486 2926 in
502 2881 676 2948 tempestate
693 2887 823 2929 secures.

139 2971 202 3034 Sed
216 2984 370 3052 postquam
381 2968 476 3050 jacuit
490 2967 609 3050 planum
626 2993 718 3047 mare,
734 2985 868 3055 tempora
882 2987 1038 3057 postquam
1070 2979 1112 3036 60

137 3074 286 3154 Prospera
300 3072 425 3135 vectoris
440 3071 592 3158 letumque
607 3077 749 3140 valentius
764 3077 849 3139 Euro

138 3177 180 3238 Et
193 3176 310 3258 pelago,
325 3191 481 3262 postquam
497 3179 602 3242 Parce
620 3181 739 3242 meliora
755 3181 883 3264 benigna

137 3279 237 3343 Pensa
252 3302 342 3345 manu
357 3283 468 3344 ducunt
481 3283 598 3358 hilares,
614 3298 644 3346 et
659 3285 788 3347 staminis
803 3286 859 3348 albi
953 3305 957 3314 ’

138 3385 290 3460 Lanificae,
307 3385 425 3448 modica
440 3408 496 3451 nec
512 3388 636 3452 multum
652 3389 754 3452 sortior
770 3389 842 3452 aurai

139 3489 255 3552 Ventus
269 3490 373 3552 adest:
394 3491 473 3575 inopi
486 3494 657 3560 miserabilis
673 3509 734 3559 arte
750 3498 878 3560 cucurrit
1073 3505 1115 3563 65
