2532 4008
96 351 137 410 98
403 346 437 394 D.
452 345 546 396 Jutvtt
562 344 752 396 JUVENALIS

93 491 173 556 Tam
188 493 286 556 sterili.
331 491 445 556 Verium
459 493 621 556 haecnimie
632 505 677 554 est
688 492 844 573 impensa:
867 491 1004 554 coturnix
1027 491 1069 552 95

90 596 180 658 Nulla
195 617 324 679 unquam
339 618 392 679 pro
407 611 489 680 patre
505 597 603 660 cadet.
649 595 765 657 Sentire
780 593 911 658 calorem

93 697 126 759 Si
141 699 234 780 coepit
248 699 381 782 locuples
397 700 514 774 Gallita,
531 713 562 762 et
576 699 718 773 Paccius,
733 697 807 772 orbi,

91 801 238 884 Legitima
253 803 320 865 fixis
335 804 455 866 vestitur
470 817 530 866 tota
544 803 658 865 tabellis

90 902 237 966 Porticus.
283 905 448 982 Exsistunt,
464 907 513 989 qui
527 906 696 989 promittant
709 904 906 968 hecatomben
918 925 928 981 3

89 1005 246 1079 Quatenus
260 1008 309 1072 hic
323 1031 382 1072 uon
397 1024 463 1073 suut
477 1031 534 1072 nec
550 1011 669 1072 venales
684 1009 843 1091 elephanti,
1003 1011 1064 1067 100

87 1105 157 1169 Nec
173 1107 269 1184 Lati0,
286 1123 335 1172 aut
349 1131 473 1192 usquam
488 1123 587 1172 nostro
601 1111 655 1172 sub
670 1109 768 1170 sidere
783 1107 847 1170 talis
902 1125 904 1130 ·

87 1207 194 1270 Bellua
207 1212 390 1295 concipitur3
413 1213 467 1274 sed
482 1211 566 1274 survi
580 1225 667 1293 gente
678 1211 775 1299 'petita

87 1313 249 1376 Arboribus
263 1315 380 1377 Rutulis
396 1329 426 1377 et
439 1315 534 1376 Turni
549 1315 678 1397 pascitur
694 1334 775 1395 agro,

86 1411 213 1478 Cesaris
228 1431 404 1493 armentum,
419 1419 489 1480 nulli
504 1420 613 1496 servire
628 1430 764 1500 paratum

85 1515 226 1579 Privato:
248 1521 393 1600 siquidem
411 1521 504 1601 Tyrio
519 1543 625 1602 parere
641 1521 774 1582 solebant
997 1521 1058 1578 105

84 1615 253 1694 Hannibali,
269 1635 299 1682 et
313 1623 417 1684 uostris
433 1623 567 1697 ducibus,
583 1622 704 1703 regique
720 1620 864 1696 Molosso,

84 1718 202 1782 Horum
217 1723 354 1806 majores
371 1745 406 1785 ao
422 1725 509 1788 dorso
524 1724 602 1787 ferre
618 1725 764 1799 cohortes,

82 1823 205 1886 Partem
222 1827 348 1908 aliquam
363 1828 441 1903 belli,
458 1841 488 1890 et
503 1841 622 1890 euntem
637 1828 665 1888 in
681 1827 786 1909 proelia
800 1827 912 1888 turrim.

82 1927 115 1989 N
117 1928 173 1988 ulla
187 1929 272 2010 igitur
287 1951 437 2010 moraper
452 1930 594 2006 Novium,
610 1951 693 1992 mora
707 1929 787 1991 nulla
801 1951 855 2012 per
871 1928 1005 1992 Histrum

80 2029 256 2106 Pacuvium,
272 2032 426 2114 quiaillud
442 2035 515 2096 ebur
530 2034 656 2096 ducatur
672 2033 710 2095 ad
727 2053 800 2108 aras,
992 2036 1054 2092 110

81 2133 123 2195 Et
136 2136 225 2197 cedat
239 2149 305 2196 ante
320 2137 397 2197 lares
412 2137 535 2212 Gallitae,
552 2139 669 2199 victime
683 2137 757 2216 sola

79 2235 184 2298 Tantis
200 2237 287 2318 digna
303 2237 366 2300 deis
382 2252 411 2300 et
426 2241 622 2323 captatoribus
637 2241 753 2300 horum.

78 2339 162 2399 Alter
178 2339 266 2414 enim,
282 2340 306 2401 si
321 2343 468 2405 concedas
483 2355 623 2416 mactare,
639 2340 755 2402 vovebit

78 2439 128 2502 De
143 2463 234 2523 grege
249 2464 400 2506 servorum
416 2466 523 2527 magna
538 2459 588 2506 aut
602 2443 799 2526 pulcherrima
814 2461 938 2527 quaeque

77 2541 233 2624 Corpora;
256 2547 302 2608 vel
316 2549 414 2628 pueris
428 2561 457 2608 et
471 2547 611 2608 frontibus
627 2546 798 2608 ancillarum
988 2553 1048 2608 115

76 2645 213 2728 Imponet
225 2651 330 2727 vittas3
354 2663 392 2724 et,
409 2650 433 2711 si
448 2669 507 2731 qua
521 2662 567 2712 est
580 2650 686 2712 nubilis
701 2650 740 2711 illi

76 2748 228 2832 Iphigenia
243 2751 333 2827 domi,
349 2752 429 2815 dabit
443 2753 521 2815 hauc
536 2753 682 2828 altaribus,
698 2755 751 2822 etsi

76 2853 108 2913 N
109 2875 147 2914 ou
162 2869 260 2936 sperat
273 2856 389 2934 tragicae
405 2855 508 2916 surtiva
522 2856 639 2934 piacula
654 2875 760 2914 cervae.

76 2953 183 3018 Laudo
198 2977 298 3018 meum
314 2957 420 3029 civem,
435 2974 492 3014 uec
507 2974 647 3036 comparo
662 2967 837 3018 testamento

75 3056 158 3120 Mille
173 3071 271 3120 rates:
292 3077 372 3131 nam,
387 3057 412 3118 si
426 3055 586 3120 Libitinam
601 3058 727 3120 evaserit
741 3039 834 3140 ager,
984 3068 1045 3126 120

74 3159 194 3222 Delebit
208 3157 330 3235 tabulas,
345 3159 473 3224 inclusus
488 3182 609 3224 carcere
624 3182 727 3235 nassae,

73 3262 146 3324 Post
161 3261 297 3328 meritum
312 3264 382 3327 sane
397 3263 573 3338 mirandum,
589 3277 676 3345 atque
691 3265 789 3326 omnia
804 3267 856 3330 soli

73 3362 188 3432 Forsan
203 3365 337 3434 Pacuvio
351 3367 478 3431 breviter
493 3367 584 3437 dabit.
629 3366 683 3429 Ille
698 3369 842 3450 superbus
