2534 4022
552 341 777 394 *SA'l'lRA'IIss-

174 495 486 584 Sanguineeoojugli3
510 493 596 560 nolis
609 487 905 576 aconitapropioquis

169 601 295 668 Miscuit
303 625 314 682 3
334 602 364 666 in
378 599 470 666 sesols
482 597 773 683 nunquemoentavit
787 595 912 660 Orestes
924 613 935 672 3

172 705 286 772 Troice
299 727 358 770 non
372 705 496 790 scripsit.
541 701 625 777 Quid
639 703 719 765 enim
731 699 881 784 Virginius
894 695 985 762 ermis

172 809 286 874 Debuit
300 809 402 875 ulcisci
416 806 521 892 magis,
536 821 587 871 eut
599 827 669 870 cum
683 803 811 870 Vrndice
826 801 949 867 Gelbe?

174 911 262 988 Quid·
272 913 357 977 Nero
371 927 433 976 tem
448 910 527 976 saevi
539 909 693 993 crudique
707 909 862 992 tyrannide
877 905 974 971 fecit?
1065 962 1069 971 .

175 1015 253 1082 Haec
266 1039 368 1103 opere,
384 1031 472 1102 atque
487 1017 532 1080 hae
549 1029 616 1080 sunt
629 1014 765 1100 generosi
779 1013 1018 1099 principissrtes,

169 1120 341 1214 Gaudentis
355 1121 608 1206 foedoperegrine
622 1120 660 1184 ad
675 1117 787 1205 pulpita
800 1118 876 1183 saltu

174 1225 323 1305 Pmstitui,
339 1227 497 1312 Graiaeque
512 1227 612 1311 epium
627 1225 770 1290 meruisse
785 1243 913 1288 corouae.

175 1329 325 1415 Majorum
340 1331 453 1414 effigies
461 1331 595 1394 *babeant
608 1330 731 1412 insignia
745 1329 847 1390 vocis:

176 1434 255 1498 Ante
270 1433 364 1517 pedes
370 1433 495 1520 *Domiti
507 1435 629 1516 longum
642 1445 675 1494 tu
689 1451 768 1515 pone
781 1428 929 1512 Thyeetoe

177 1537 286 1621 Syrme
300 1537 347 1600 vel
361 1537 589 1620 Antigenes,seu
604 1557 761 1620 persenam
779 1533 978 1618 Menalippes,

176 1639 221 1704 Et
234 1641 274 1705 de
288 1662 457 1704 marmoreo
471 1641 614 1704 citharam
629 1641 777 1725 suspende
792 1640 920 1704 colosso.

178 1743 272 1822 Quid,
287 1744 425 1823 Catilina,
440 1745 497 1808 tuis
510 1745 663 1822 natalibus,
679 1759 767 1829 etque
782 1744 921 1828 Cethegi,

176 1848 309 1913 Inveniet
323 1850 479 1933 quisquam
493 1849 671 1912 sublimius?
695 1863 891 1912 cunctamen
905 1869 960 1912 vos

177 1951 333 2018 Nocturna
347 1965 379 2016 et
391 1951 527 2016 flammas
541 1953 678 2016 domibus
690 1953 867 2037 templisque
881 1951 1016 2036 parueris,

178 2054 223 2118 Ut
235 2037 435 2119 Brscetorum
448 2056 534 2138 pueri
548 2055 762 2138 Senonumque
777 2056 917 2132 minores,

179 2159 264 2238 Ausi,
281 2161 359 2246 quod
374 2160 462 2224 licem
474 2157 575 2222 tunice
587 2159 692 2244 punire
706 2159 842 2223 molent.

181 2262 245 2328 Sed
258 2264 356 2348 ¹vigilet
369 2264 482 2341 consul,
497 2264 664 2348 vexillaque
677 2277 775 2329 vestm
789 2268 920 2330 eodmet.
963 2317 973 2334 ,

180 2367 242 2434 Hic
255 2391 349 2434 novus
365 2369 502 2454 Arpinas,
517 2369 660 2453 ignobilis,
674 2383 706 2434 et
720 2369 810 2435 modo
825 2370 934 2438 Rome

181 2470 368 2558 Municipelis
382 2487 484 2557 eques,
499 2473 646 2556 galeatum
660 2477 742 2558 ponit
756 2476 865 2561 ubique

182 2573 359 2640 Presidium
372 2578 509 2653 attonitis,
524 2589 554 2641 et
567 2579 597 2640 in
612 2580 692 2643 omni
708 2595 795 2665 gente
810 2581 932 2650 laboret.

181 2677 315 2742 Tantum
330 2680 416 2762 igitur
429 2682 888 2766 murosintrotogeooutubtilli
1089 2693 1154 2752 2²10

183 2783 322 2848 Nominis
336 2797 368 2847 et
381 2783 464 2860 tituli,
479 2797 621 2867 quantum
636 2807 695 2849 non
709 2787 865 2868 Leucade,
880 2803 1021 2875 quantum

182 2886 345 2952 Thessaliae
360 2888 474 2973 campis
488 2888 631 2954 Octavius
645 2892 761 2955 abstulit
775 2893 836 2956 udo

4 3019 5 3042 r
84 3047 87 3056 ,
183 2988 326 3055 Cedibus
340 2993 463 3056 assiduis
474 2995 581 3076 gladio.
627 2995 691 3059 Sed
705 2997 807 3061 Rome
821 3012 984 3087 parentem,

185 3094 287 3161 Roma
300 3109 414 3182 petrem
430 3098 535 3182 petsioe
551 3097 731 3162 Ciceronem
745 3102 838 3165 bbere
852 3105 937 3168 dixit.

155 3195 157 3202 ’
186 3200 313 3284 Arpinas
328 3203 401 3267 alius
415 3201 593 3266 Volscorum
607 3204 637 3266 in
651 3217 752 3268 monte
766 3207 879 3274 solebat
1091 3217 1155 3278 245

186 3303 320 3370 Poscere
333 3309 491 3372 mercedes
505 3308 599 3373 alieno
612 3310 706 3375 lassus
721 3327 816 3377 aratro
827 3337 838 3393 ;

187 3408 344 3478 Nodosem
357 3426 424 3496 post
437 3414 501 3477 haec
516 3413 669 3498 frangebat
682 3417 791 3480 vertice
805 3417 906 3497 vitem,

188 3513 332 3582 silentur
346 3517 430 3602 pigris
442 3519 568 3584 muniret
581 3533 677 3584 cestre
691 3518 822 3586 dolabri,
