2534 4022
97 365 137 423 14
408 361 442 409 n.
458 355 758 411 Junrruuaanrnrs

93 507 209 587 Tristis,
225 521 255 572 et
270 529 286 572 a
302 529 409 592 magno
425 529 543 592 semper
555 509 685 576 timearis
705 511 812 574 amioor

137 614 214 688 Quae
229 635 307 678 nunc
324 615 458 678 divitibus
473 635 546 697 gens
561 616 765 699 acceptissima
780 616 894 692 nostris,

93 717 135 782 Et
151 741 224 802 quos
238 719 386 802 praecipue
403 718 522 802 fugiam,
538 721 705 803 properabo
719 720 812 798 lateri,

93 823 162 887 Nec
176 824 272 908 pudor
286 824 421 888 obstabit.
467 823 538 888 Non
554 824 777 908 possumlerre,
792 825 934 902 Quirites,
1031 828 1073 886 60

93 929 231 994 Graecam
246 931 350 994 urbem
365 953 372 992 ε
395 931 528 1015 quamvis
543 943 633 1015 quota
647 932 742 1014 portio
757 930 837 994 facis
852 929 955 994 Acbaei
972 930 986 993 ἓ

93 1035 162 1099 Jam
177 1037 292 1120 pridem
309 1036 404 1121 Syrus
418 1037 447 1098 in
462 1037 597 1100 Tiberim
614 1036 737 1099 deduxit
751 1037 891 1112 Orontes,

93 1140 136 1204 Et
149 1141 289 1224 linguam,
305 1156 335 1204 et
350 1163 459 1218 mores,
476 1154 506 1204 et
520 1163 590 1206 cum
604 1141 723 1205 tibicine
738 1141 866 1208 chordas

93 1245 248 1330 Obliquas,
263 1269 321 1310 nec
336 1267 395 1309 non
410 1247 530 1330 gentilia
544 1259 685 1331 tympana
699 1267 803 1310 secum

93 1349 196 1429 Venit,
213 1366 244 1415 et
260 1353 298 1416 ad
316 1352 440 1416 Circum
451 1354 551 1438 jussas
564 1367 696 1438 prostare
711 1353 833 1437 puellas.
1033 1355 1074 1414 65

92 1457 148 1535 lte,
166 1459 270 1542 quibus
285 1473 367 1541 grata
382 1473 427 1522 est
441 1459 521 1541 picth
534 1460 604 1541 lupa
620 1460 743 1521 barbara
763 1457 858 1521 mitrb.

95 1563 239 1625 Rusticus
253 1563 301 1624 ille
316 1576 383 1625 tuus
398 1563 486 1624 sumit
503 1561 707 1644 trechedipna,
722 1558 859 1635 Quirine,

95 1667 138 1730 Et
153 1669 333 1730 ceromatico
348 1666 406 1729 sert
416 1667 555 1730 niceteria
571 1667 658 1728 collo.

97 1773 158 1836 Hic
174 1773 231 1835 altri
248 1773 388 1856 Sicyone,
404 1786 448 1835 ast
461 1773 511 1835 hic
526 1772 687 1856 Amydone
706 1770 818 1848 relicta,

97 1876 159 1940 Hic
174 1878 289 1954 Andro,
305 1878 352 1940 ille
370 1877 472 1954 Samo,
487 1879 537 1940 hic
551 1877 711 1955 Trallibus,
727 1891 777 1940 aut
793 1877 962 1952 Alabandis,
1036 1880 1077 1936 70

96 1982 245 2067 Esquilias
261 1984 432 2067 dictumque
449 1997 551 2067 petunt
566 2005 582 2045 a
598 1984 707 2046 vimine
722 1983 840 2058 collem,
879 1964 883 1978 ¹

98 2087 226 2152 Viscera
240 2111 413 2171 magnarum
425 2089 569 2150 domuum
585 2089 755 2172 dominique
771 2088 868 2150 futuri.

98 2193 252 2276 Ingenium
268 2195 367 2269 velox,
383 2193 509 2294 audacia
525 2193 649 2276 perdita,
665 2215 763 2255 sermo

100 2298 262 2382 Promptus
277 2312 307 2360 et
321 2297 395 2360 Isaeo
410 2281 586 2360 torrentior.
622 2297 702 2373 Ede,
719 2297 789 2380 quid
805 2297 887 2360 illum

102 2403 180 2467 Esse
195 2403 303 2487 putes?
328 2403 461 2487 quemvis
476 2403 631 2473 hominem
642 2423 744 2464 secum
761 2402 853 2464 attulit
867 2402 904 2465 ad
920 2407 1079 2500 nosrta

104 2510 332 2594 Grammaticus,
348 2510 456 2606 rhetor,
472 2519 650 2595 geometres,
665 2508 769 2590 pictor,
785 2503 979 2590 aliptes,³'r

103 2617 217 2700 Augur,
233 2599 450 2689 sclioenolia-tes,
466 2612 609 2688 medicus,
626 2633 749 2695 magus.
771 2613 869 2675 omnia
883 2613 972 2676 novit

105 2720 259 2784 Graeculus
275 2720 406 2783 esuriens
421 2719 450 2781 in
465 2718 609 2795 coelum,
597 2719 730 2804 jusseris,
746 2719 806 2782 ibit

103 2827 153 2888 Ad
169 2848 325 2900 summam,
336 2847 394 2886 non
407 2823 531 2885 Maurus
543 2837 615 2898 erat,
627 2845 724 2904 neque
741 2823 886 2897 Sarmata,
899 2843 955 2883 nec
964 2820 1081 2896 Thrax,

104 2929 167 3005 Qui
182 2929 304 3013 sumpsit
315 2949 436 3011 pennas,
452 2926 557 2988 mediis
564 2927 624 3010 sad
640 2939 724 3016 natus
740 2927 874 3014 Athenis
1042 2929 1083 2986 80

105 3031 222 3094 Horum
238 3053 294 3114 ego
309 3052 367 3092 non
383 3028 493 3112 sugium
507 3010 696 3112 conchylia?
702 3007 764 3090 Me
779 3029 856 3111 prior
871 3028 919 3089 ille

108 3136 264 3220 Signabit?
288 3135 436 3220 fultusque
453 3151 515 3198 toro
530 3135 652 3197 meliore
666 3134 822 3196 recumbet

107 3242 260 3304 Advectus
275 3241 419 3315 Romam,
435 3261 493 3323 quo
509 3261 601 3322 pruna
619 3253 649 3302 et
663 3252 779 3302 cottana
794 3239 905 3302 vento?

107 3347 212 3430 Usque
227 3346 303 3408 adeo
318 3346 388 3408 nihil
404 3357 457 3421 est,
474 3346 553 3428 quod
568 3359 667 3409 nostra
680 3343 801 3408 infantia
815 3346 924 3408 coelum

110 3451 220 3514 Hausit
234 3452 414 3514 Aventinum
430 3450 526 3514 bacca
540 3453 647 3516 nutrita
663 3449 799 3516 Sabina?
1042 3457 1083 3512 85

109 3555 203 3631 Quid,
221 3555 301 3637 qudd
316 3555 454 3620 adulandi
469 3577 542 3640 gens
556 3559 779 3641 prudentissima
794 3559 895 3622 laudat
