2534 4022
140 416 160 470 4
452 409 485 456 3.
501 407 594 457 sunu
610 409 800 460 Juvsuuns

137 555 265 638 Navigio
281 569 411 617 montem
428 557 561 619 ascendit
576 573 728 642 sortesque
744 558 887 642 poposcit,

135 659 341 742 Paulatimque
358 660 456 722 animai
470 663 623 724 caluerunt
639 663 736 725 mollia
752 685 834 738 saxa,

136 761 178 824 Et
192 764 320 826 maribus
335 765 429 828 nudas
443 767 571 828 ostendit
586 765 702 850 Pyrrha
717 767 851 850 puellas;

135 865 289 950 Quidquid
306 885 394 951 agunt
409 871 553 947 homines,
569 885 679 946 votum,
696 871 792 947 timor,
808 871 860 946 ira,
876 871 1019 951 voluptas,

132 969 259 1047 Gaudia,
275 973 433 1050 discursus,
449 975 537 1037 nostri
558 990 603 1037 cst
618 975 733 1058 sartago
749 975 848 1038 libelli.

131 1075 173 1138 Et
189 1077 306 1158 quando
322 1079 438 1140 uberior
454 1079 588 1141 vitiorum
604 1079 716 1162 copia?
740 1079 859 1162 quando

130 1179 228 1265 Major
244 1183 367 1244 avaritiae
384 1184 474 1266 patuit
490 1183 594 1246 sinus?
618 1186 681 1246 alea
699 1183 817 1268 quando
1062 1187 1105 1242 80

129 1284 196 1348 Hos
211 1287 348 1350 animos?
371 1287 481 1370 Neque
498 1289 575 1350 enim
591 1289 694 1351 loculis
709 1287 915 1351 comitantibus
930 1287 985 1348 itur

130 1391 177 1454 Ad
193 1414 295 1454 casum
312 1393 426 1468 tabulae,
442 1392 537 1476 posita
552 1393 604 1456 sed
621 1394 729 1456 luditur
744 1393 824 1457 arob.

128 1495 239 1558 Proelia
255 1511 362 1577 quanta
378 1497 435 1557 illic
452 1499 652 1578 dispensatore
668 1499 782 1559 videbis

125 1601 300 1682 Armigero!
326 1601 500 1683 Simplexne
517 1601 595 1664 furor
611 1601 743 1663 sestertia
759 1616 878 1662 centum

125 1697 268 1782 Perdere,
285 1720 314 1768 et
329 1705 457 1766 horrenti
473 1707 602 1767 tunicam
617 1729 675 1768 non
691 1705 818 1767 reddere
834 1705 944 1768 servo?
1056 1708 1096 1765 85

124 1807 201 1881 Quis
214 1809 336 1871 totidem
352 1809 447 1870 erexit
461 1809 566 1872 villas?
591 1811 655 1892 quis
671 1807 780 1871 fercula
795 1824 908 1892 septem

127 1912 252 1978 Secreto
266 1917 394 1976 coenavit
409 1913 504 1977 avus?
550 1915 582 1977 N
584 1937 639 1977 unc
655 1915 782 1998 sportula
797 1915 893 1997 primo

123 2016 241 2080 Limine
256 2041 347 2102 parva
362 2020 456 2095 sedet,
472 2020 563 2082 turbae
579 2021 718 2102 rapienda
735 2033 851 2102 togatae.

122 2121 174 2182 Ille
190 2137 288 2182 tamen
304 2123 410 2184 laciem
426 2123 506 2205 prius
521 2125 645 2204 inspicit,
658 2139 686 2185 et
701 2125 838 2205 trepidat,
854 2147 892 2185 ne

121 2223 297 2307 Suppositus
312 2225 422 2300 venias,
439 2247 474 2287 ac
490 2224 562 2287 salso
578 2227 694 2287 nomine
709 2249 827 2308 poscas.
1053 2231 1095 2284 90

120 2328 246 2409 Agnitus
262 2328 399 2410 accipies.
445 2327 536 2390 Jubet
552 2353 568 2391 a
585 2352 719 2412 praecone
735 2329 834 2392 vocari

117 2432 199 2514 lpsos
213 2431 422 2516 Trojugenas:
445 2454 513 2494 nam
530 2448 638 2494 vexant
651 2433 740 2493 limen
756 2447 784 2494 et
800 2433 853 2514 ipsi

114 2536 291 2598 Nobiscum.
335 2537 385 2598 Da
401 2538 525 2620 praetori,
542 2538 580 2598 da
592 2536 701 2598 deinde
716 2537 851 2615 tribuno;

118 2640 180 2702 Sed
195 2641 344 2704 libertinus
359 2639 437 2724 prior
453 2655 506 2703 est.
554 2641 649 2716 Prior,
666 2641 766 2724 inquit,
783 2663 839 2724 ego
855 2641 970 2703 adsum.

115 2745 179 2808 Cur
194 2746 312 2809 timeam
330 2747 498 2809 dubitemve
521 2746 618 2808 locum
636 2745 809 2821 defendere,
826 2749 958 2828 quamvis
1046 2752 1087 2806 95

114 2851 210 2913 Natus
226 2852 261 2912 ad
279 2851 463 2931 Euphraten,
481 2852 582 2910 molles
598 2851 675 2929 quod
693 2851 721 2908 iu
737 2869 808 2910 aure
824 2847 958 2908 fenestras

112 2956 280 3038 Argueriut,
295 2954 364 3016 licet
380 2953 442 3035 ipse
457 2975 565 3034 negem
578 2951 591 3012 ?
637 2952 698 3012 Sed
716 2952 843 3034 quinque
858 2952 985 3013 tabernas

112 3059 337 3142 Quadringenta
353 3071 464 3140 parant.
511 3055 592 3130 Quid
609 3056 722 3119 confert
739 3079 866 3140 purpura
881 3057 975 3140 major

111 3165 295 3248 Optandum,
311 3165 334 3226 si
351 3163 495 3226 Laurenti
511 3163 680 3224 custoditio
698 3183 768 3242 agro

109 3269 283 3332 Conductas
299 3267 446 3330 Corvinus
460 3288 531 3328 oves
547 3266 561 3327 ?
606 3265 675 3347 Ego
691 3265 828 3348 possideo
844 3267 909 3350 plus
1023 3275 1083 3329 100

109 3373 246 3436 Pallante
263 3387 292 3435 et
309 3371 429 3435 Licinis.
474 3371 661 3453 Exspectant
677 3393 747 3454 ergo
762 3371 889 3450 tribuni3

107 3477 235 3541 Vincunt
251 3477 376 3539 divitiae:
400 3499 484 3541 sacro
499 3499 555 3539 nec
572 3477 660 3538 cedat
675 3477 787 3553 honori,

107 3583 211 3667 Nuper
226 3583 255 3644 in
270 3583 346 3645 hanc
363 3583 609 3666 urbem‘pedibus
625 3581 674 3666 qui
689 3595 810 3646 venerat
825 3583 918 3662 albis3
