2534 4022
119 364 162 426 28
427 363 775 416 osumrsurauuurs

118 507 160 573 Et
174 524 313 588 tremere,
329 525 359 576 et
375 513 478 576 sordes
493 511 576 578 sarria
590 513 729 578 mordere
743 512 866 576 canini?

157 615 261 679 Primo
276 615 334 700 fige
349 617 425 692 loco,
441 616 520 700 quaid
536 630 567 680 tu
582 617 771 684 discumbere
781 617 881 703 jussus

113 719 291 784 Mercedem
307 721 431 784 solidam
446 734 580 786 veterum
595 723 678 806 capis
691 722 868 786 officiorum.
887 754 890 760 f

112 823 241 888 Fructus
255 825 389 890 amicitia
405 847 518 910 magne
534 827 628 890 cibus.
672 826 801 910 Imputat
814 827 894 890 huuc
908 845 974 902 rex,

109 928 161 1006 Et,
177 929 310 1014 quamvis
324 951 434 1006 rarum,
449 943 549 994 tamen
563 931 698 1015 imputat.
745 930 829 1013 Ergo
844 931 919 994 duos
929 941 996 1014 post
1042 931 1080 990 15

109 1033 143 1096 Si
157 1033 239 1098 libuit
252 1056 371 1098 menses
384 1036 554 1117 neglectum
569 1036 711 1098 adhibere
726 1036 874 1110 clientem,

107 1137 213 1202 Tertia
227 1160 265 1202 ne
281 1160 377 1202 vacuo
392 1153 523 1202 cessaret
537 1139 646 1201 culcita
661 1140 758 1216 lecto;

105 1241 176 1305 Una
189 1243 289 1320 simus,
305 1243 355 1306 ait.
397 1241 544 1306 Votorum
558 1263 674 1306 summa
687 1244 695 1306 l
718 1241 802 1316 Quid
818 1241 892 1306 ulna
947 1245 949 1248 ’

105 1345 247 1421 Qumis?
293 1345 395 1412 Habet
408 1346 549 1423 Trebius,
564 1348 772 1432 propterquod
788 1367 927 1432 rumpere
938 1365 1074 1411 somnum

102 1451 223 1516 Debeat
237 1465 268 1516 et
281 1453 385 1533 ligulas
399 1451 554 1527 dimittere,
570 1453 718 1529 sollicitus,
735 1475 773 1517 ue
1031 1455 1075 1516 20

100 1555 180 1619 Tota
195 1556 345 1619 salutatrix
353 1555 418 1639 Jam
432 1556 518 1618 turba
533 1557 680 1636 peregerit
694 1559 799 1620 orbem

101 1659 257 1724 Sideribus
271 1659 378 1734 dubiis,
393 1671 443 1721 aut
458 1658 507 1721 illo
520 1674 665 1742 tempore,
681 1681 741 1743 quo
755 1681 789 1722 se

101 1763 221 1848 Frigida
235 1763 439 1845 circumagunt
452 1763 526 1848 pigri
540 1783 658 1826 sarraca
673 1764 790 1828 Bootae.

98 1869 205 1944 Qualis
219 1889 307 1934 coeua
320 1882 420 1932 tamen
434 1867 448 1932 ,Ρ
491 1867 613 1946 Vinum,
626 1869 706 1955 quod
721 1870 841 1936 succida
856 1873 929 1936 nolit

98 1974 183 2038 Lana
198 1975 277 2062 pati:
305 1974 343 2038 de
358 1973 484 2038 convivis
497 1972 670 2059 Corybanta
686 1975 810 2040 videbis.

97 2081 199 2164 Jurgia
214 2080 393 2166 proludunt;
412 2081 467 2146 sed
482 2101 554 2144 nrox
569 2093 599 2143 et
612 2081 720 2164 pocula
735 2094 856 2165 torques
955 2079 957 2089 ’

97 2184 234 2261 Saucius,
250 2199 280 2248 et
293 2184 383 2248 rubri
397 2184 538 2268 deterges
548 2185 671 2248 vulnera
686 2184 806 2268 meppia,

94 2288 175 2352 Inter
189 2309 243 2351 vos
256 2288 371 2372 quoties
384 2288 616 2371 libertorumque
630 2289 784 2351 cohortem

94 2393 202 2477 Pugna
217 2391 381 2476 Saguntini
394 2391 488 2456 servet
501 2392 659 2456 commissa
674 2391 791 2480 lagenai.

92 2499 161 2583 Ipse
176 2498 315 2582 capillato
327 2498 466 2562 diffusum
483 2497 603 2561 consule
619 2511 709 2580 potat,

92 2602 308 2686 Calcatamque
323 2615 404 2666 tenet
418 2601 501 2666 bellis
515 2602 670 2666 socialibus
685 2625 784 2678 uvam,

93 2705 243 2772 Cardiaco
258 2727 409 2791 uunquam
425 2708 568 2790 cyathum
582 2707 723 2770 missurus
738 2709 847 2770 amico.

92 2799 170 2876 Cras
184 2813 264 2875 bibet
278 2812 400 2876 Albanis
415 2812 524 2896 aliquid
539 2812 578 2876 de
594 2813 740 2874 montibus
756 2825 805 2872 aut
820 2812 859 2870 de

92 2917 211 2992 Setinis,
226 2916 311 3000 cujus
326 2917 449 3000 patriam
465 2916 638 2998 titulumque
653 2927 790 2977 senectus

90 3021 210 3086 Delevit
226 3019 317 3084 multia
331 3022 438 3085 veteris
453 3011 571 3104 fuligine
586 3032 665 3081 testae
679 3039 690 3096 ;

91 3125 191 3201 Quale
206 3125 337 3189 coronati
351 3125 488 3190 Thrasea
505 3123 718 3204 Helvidiusque
734 3121 874 3184 bibebant

89 3231 250 3295 Brutorum
266 3245 295 3294 et
310 3231 399 3294 Cassi
413 3229 566 3292 natalibus.
611 3225 680 3310 Ipse
695 3246 824 3309 capaces

88 3335 250 3400 Heliadum
262 3348 375 3400 crustas
389 3347 419 3395 et
432 3331 591 3415 inequales
604 3331 717 3415 beryllo

86 3439 175 3504 Virro
189 3454 271 3504 tenet
286 3437 419 3518 phialas:
441 3437 490 3500 tibi
505 3458 562 3498 non
578 3437 768 3500 committitur
782 3457 885 3500 aurum
898 3461 909 3514 3

61 3551 65 3556 ’
86 3545 155 3623 Vel,
167 3546 191 3610 si
207 3543 326 3629 quando
341 3543 436 3621 datur,
451 3555 550 3607 custos
565 3543 671 3607 affixus
685 3543 807 3620 ibidem,
