2534 4022
110 358 150 418 10
420 359 769 410 nrumrruvaurnrs

109 503 258 570 Nimirum
273 509 380 572 summi
395 508 479 572 ducis
494 521 538 572 est
552 509 692 572 occidere
707 507 838 570 Galbam

110 608 153 672 Et
167 631 271 674 curare
286 627 408 692 cutem;
429 613 538 676 summi
552 613 715 676 constantia
729 611 801 674 civis

109 701 249 777 Bebriaci
269 716 298 778 in
313 738 421 800 campo
436 718 561 800 spolium
576 717 715 780 affectare
730 713 829 780 Palati

111 815 154 880 Et
166 839 301 900 pressum
316 821 345 882 in
358 819 466 885 faciem
482 822 577 904 digitis
592 821 755 884 extendere
772 839 891 902 panem.
1041 817 1082 876 90
1118 899 1124 922 χ

112 919 205 994 Quod
219 943 276 986 nec
291 925 320 988 in
335 925 456 1006 Assyrio
466 925 633 1006 pharetrata
645 924 817 988 Semiramis
831 923 915 998 orbe,

112 1024 223 1090 Moesta
236 1049 293 1092 nec
308 1028 434 1090 Actiaci
449 1027 519 1091 fecit
533 1028 694 1111 Cleopatra
708 1026 819 1090 carina.

113 1127 176 1192 Hic
190 1132 285 1194 nullus
299 1133 397 1195 verbis
412 1133 508 1216 pudor
523 1147 573 1194 aut
586 1132 752 1194 reverentia
767 1152 888 1193 mensae.

114 1232 176 1297 Hic
187 1235 279 1318 turpis
290 1234 422 1318 Cybeles
438 1250 467 1298 et
482 1234 577 1298 fracta
590 1257 665 1298 voce
680 1234 820 1317 loquendi

114 1335 261 1415 Libertas,
277 1354 308 1402 et
323 1340 403 1402 crine
419 1359 513 1402 senex
529 1339 673 1402 fanaticus
687 1339 755 1401 albo

116 1441 277 1505 Sacrorum
292 1444 419 1519 antistes,
434 1456 533 1508 rarum
548 1466 584 1506 ac
599 1443 790 1508 memorabile
806 1442 904 1524 magni

117 1545 250 1609 Gutturis
264 1548 446 1628 exemplum,
461 1548 733 1636 conducendusque
749 1547 897 1627 magister.

117 1647 200 1722 Quid
211 1663 311 1714 tamen
327 1664 511 1733 exspectant,
527 1649 659 1732 Phrygio
676 1670 750 1732 quos
762 1663 880 1732 tempus
895 1661 957 1711 erat
967 1649 1031 1732 jam

117 1750 205 1815 More
220 1773 435 1836 supervacuam
451 1755 551 1817 cultris
566 1755 741 1836 abrumpere
757 1752 905 1815 carnem?

161 1854 387 1940 Quadringenta
402 1859 484 1920 dedit
499 1858 655 1922 Gracchus
669 1858 812 1935 sestertia,
828 1857 929 1922 dotem
1032 1861 1093 1922 100

118 1956 291 2038 Comiciui3
313 1961 374 2022 sive
389 1961 437 2023 bic
451 1977 535 2025 recto
550 1979 720 2029 cantaverat
734 1989 803 2030 aere.

121 2060 247 2147 Signata
262 2064 389 2128 tabulae:
413 2065 523 2132 dictum
538 2066 699 2132 Felicitan!
745 2077 855 2154 Ingens

120 2164 221 2231 Coena
235 2171 342 2232 sedet:
364 2174 478 2252 gremio
498 2175 592 2256 jacuit
605 2197 682 2240 nova
696 2188 785 2258 nupta
801 2175 909 2236 mariti.

120 2268 309 2352 Oproceres‚
324 2294 448 2338 censore
459 2298 534 2359 opus
545 2291 589 2340 est
611 2299 649 2342 an
660 2279 815 2360 haruspice
826 2277 932 2340 nobis?

122 2367 243 2436 Scilicet
256 2375 401 2452 horreres,
416 2378 586 2461 majoraque
602 2394 732 2443 monstra
745 2395 875 2465 putares·
1035 2386 1094 2441 105

123 2472 157 2534 Si
172 2475 276 2539 mulier
290 2477 422 2555 vitulum,
436 2482 483 2542 vel
496 2482 519 2544 si
533 2483 588 2546 bos
605 2485 708 2546 ederet
724 2505 831 2567 agnum
845 2485 858 2547 ἓ

124 2574 294 2658 segmenta,
310 2594 340 2643 et
354 2583 456 2665 longos
471 2586 596 2662 habitus,
612 2601 643 2650 et
656 2589 796 2652 flammea
810 2591 908 2667 sumit,

123 2679 243 2766 Arcano
258 2683 307 2764 qui
322 2705 408 2748 sacra
423 2686 522 2752 serens
536 2692 667 2754 nutantia
681 2693 744 2756 loro

125 2780 249 2846 Sudavit
263 2787 375 2870 clypeis
390 2793 540 2856 ancilibus.
586 2795 616 2856 Ο
633 2811 715 2877 pater
729 2797 829 2872 Urbis,

121 2883 307 2952 Undenesas
320 2904 432 2954 tantum
447 2893 539 2957 Latiis
553 2899 742 2978 pastoribus?
765 2902 844 2962 unde
1037 2908 1096 2964 110
1151 2889 1156 2898 ⁴

123 2985 199 3050 Haec
214 2991 315 3073 tetigit,
332 2993 473 3074 Gradive,
488 3010 553 3062 tuos
568 3000 660 3062 urtica
675 3004 820 3084 nepotes?

123 3088 264 3156 Traditur
278 3115 351 3158 ecce
363 3098 537 3166 viroclarus
552 3123 661 3184 genere
675 3119 763 3186 atque
778 3107 881 3188 opibus
892 3109 954 3170 vir:

125 3191 194 3254 Nec
209 3196 325 3276 galeam
341 3222 470 3282 quassas,
486 3226 542 3266 nec
557 3219 664 3268 terram
680 3209 803 3290 cuspide
818 3211 926 3292 pulsae,

125 3295 195 3359 Nec
211 3301 340 3380 quereris
354 3304 452 3384 patri?
475 3304 563 3369 Vade
577 3324 690 3390 ergoet
703 3313 780 3374 cede
795 3318 890 3378 severi

124 3399 282 3482 Jugeribus
296 3407 404 3490 campi,
420 3429 509 3490 quem
523 3413 662 3495 negligis!
686 3415 827 3480 Officium
842 3442 908 3486 cras
992 3468 994 3472 .
1038 3433 1097 3490 115

126 3501 228 3569 Primo
243 3509 305 3572 sele
321 3511 391 3572 mibi
405 3516 607 3600 peragendum
623 3517 653 3582 in
667 3521 741 3584 valle
757 3521 884 3600 Quirini.
