2534 4022
123 359 165 421 60
441 313 789 402 o.rurt11Jurrrunnrs

123 505 229 568 Sidera
243 517 273 566 te
289 503 437 586 excipiant
450 501 542 564 modd
556 501 666 584 primos
680 496 868 580 incipientem
1031 491 1091 552 195

121 609 224 672 Edere
238 608 362 690 vagitus,
378 621 408 668 et
422 607 519 668 adhuc
535 617 661 667 amatre
676 602 841 666 rubentem.

124 714 157 775 si
172 711 304 774 Fortuna
318 711 406 786 volet,
420 712 475 773 fies
490 710 528 772 de
543 710 660 772 rhetore
675 705 799 770 consul:

124 817 157 878 Si
171 817 250 878 volet
263 817 327 878 haec
343 816 461 890 eadem,
477 816 532 876 fies
547 814 586 876 de
600 812 720 876 consule
735 811 845 874 rhetor.

122 919 278 984 Ventidius
293 921 363 1003 quid
379 918 482 982 enim?
507 909 580 1002 quid
592 914 732 978 Tullius?
756 934 831 976 aune
847 911 935 986 aliud,
971 909 1041 972 udm

123 1025 214 1087 Sidus
229 1038 259 1086 et
272 1024 380 1088 occulti
395 1022 528 1107 miranda
542 1021 671 1104 potentia
686 1018 760 1082 sati?
1029 1018 1092 1074 200

124 1130 226 1192 Servis
241 1129 465 1210 regradabunt,
481 1126 602 1209 captivis
617 1124 693 1188 Fata
707 1123 881 1206 triumphos.

123 1233 212 1296 Felix
227 1234 274 1294 ille
289 1247 400 1306 tamen,
415 1252 505 1294 corvo
520 1250 637 1314 quoque
652 1228 743 1292 rarior
758 1228 835 1290 elbo.

121 1337 266 1400 Poenituit
280 1337 386 1400 multos
400 1357 481 1398 vane
497 1335 658 1417 sterilisque
674 1333 832 1406 cathedre,

125 1441 210 1504 Sicut
224 1441 442 1524 Thrasymachi
458 1441 562 1522 probat
576 1439 673 1502 exitus
688 1451 776 1520 atque
792 1436 925 1501 Secundi

124 1545 307 1608 Carrinatis:
331 1561 361 1605 et
375 1545 454 1604 hunc
469 1544 586 1624 inopem
602 1543 723 1615 vidistis
739 1541 874 1614 Athenae,
1028 1542 1092 1600 205

125 1649 175 1712 Nil
192 1661 297 1731 praeter
311 1647 423 1730 gelidas
438 1668 521 1710 ausae.
531 1643 666 1708 conferre
681 1645 804 1708 cicutas.

124 1751 178 1826 Di,
194 1751 337 1835 majorum
352 1750 463 1812 umbris
476 1763 597 1820 tenuem
613 1763 643 1812 et
657 1749 718 1814 sine
734 1749 866 1832 pondere
881 1762 1000 1824 terram,

127 1855 336 1938 spirantesque
352 1875 465 1930 crocos,
482 1869 512 1917 et
526 1854 553 1916 iu
569 1853 643 1916 urnd
657 1867 832 1937 perpetuum
846 1875 908 1929 ver,

126 1957 189 2031 Qui
200 1959 413 2042 preceptorem
427 1959 519 2021 sancti
533 1959 652 2020 voludre
669 1959 796 2042 parentis

124 2061 203 2127 Esse
218 2065 295 2126 loco.
340 2062 478 2126 Metuens
492 2064 578 2146 virge
589 2063 653 2146 jam
669 2064 786 2145 grandis
801 2061 934 2124 Achilles
1029 2062 1095 2120 210

127 2166 275 2229 Cantabat
289 2169 388 2250 patriis
402 2169 431 2229 in
447 2169 612 2230 montibus:
636 2181 665 2228 et
680 2169 728 2228 cui
744 2189 802 2228 non
816 2181 887 2228 tuno

127 2270 259 2334 Eliceret
273 2272 362 2336 risum
378 2273 532 2336 citharoedi
547 2273 644 2335 cauda
658 2269 812 2352 magistri?

127 2374 190 2436 Sed
205 2375 319 2438 Rufum
334 2391 422 2460 atque
438 2377 509 2439 alios
523 2376 610 2438 cedit
624 2396 677 2437 sua
693 2394 816 2456 quaeque
826 2372 986 2456 juventus;

125 2479 250 2557 Rufum,
267 2483 315 2564 qui
329 2482 415 2544 toties
430 2481 611 2542 Ciceronem
625 2478 787 2560 Allobroga
802 2478 885 2540 dixit.
927 2531 935 2554 ,

169 2583 247 2656 Quis
262 2586 375 2668 gremio
389 2583 536 2646 Enceladi
551 2583 689 2665 doctique
705 2582 888 2646 Palaemonis
903 2583 988 2646 affert
1030 2587 1094 2644 215

126 2687 279 2762 Quantdm
292 2687 499 2772 grammaticus
510 2687 617 2750 meruit
627 2686 732 2750 labor?
748 2701 888 2750 ettamen
900 2687 1007 2749 exhoc

126 2792 336 2877 Quodcunque
352 2807 396 2856 est
412 2792 522 2876 (minus
537 2808 581 2856 est
596 2807 705 2868 autem,
721 2793 810 2874 quarn
825 2791 949 2852 rhetoris
964 2792 1035 2871 aera)

125 2896 272 2978 Discipuli
286 2907 386 2956 custos
399 2897 576 2979 praemordet
591 2896 824 2967 Aooenonoe'tus,

126 2999 177 3074 Et,
194 2999 241 3081 qui
258 2999 416 3082 dispensat,
432 2996 537 3080 frangit
551 2997 616 3060 sibi.
662 2997 761 3074 Cede,
776 2997 940 3072 Palemon,

126 3102 169 3166 Et
182 3116 283 3186 patere
298 3103 367 3165 inde
383 3103 492 3188 aliquid
507 3104 696 3180 decrescere,
711 3125 770 3164 non
787 3103 879 3176 aliter,
895 3099 983 3182 quim
1029 3103 1094 3159 220

125 3207 241 3269 Institor
255 3209 382 3270 hibernae
398 3209 501 3290 tegetis
515 3209 651 3289 niveique
667 3206 798 3281 cadurci,

127 3311 302 3372 Dummodo
317 3333 375 3372 non
389 3324 502 3392 pereat,
517 3311 622 3370 medie
640 3309 719 3391 quod
734 3309 827 3372 noctis
843 3310 879 3372 ab
895 3295 970 3370 horai

128 3414 246 3488 Scdish,
262 3415 320 3497 quir
334 3435 424 3476 nemo
438 3411 531 3491 saber,
547 3411 606 3496 quai
619 3435 709 3476 nemo
723 3417 850 3489 sederet,

128 3517 191 3590 Qui
207 3519 296 3588 docet
308 3517 427 3600 obliquo
441 3518 540 3582 lanam
555 3517 705 3581 deducere
721 3517 798 3582 ferro
810 3540 820 3598 ;
