2532 4008
137 341 180 402 86
456 341 805 392 ntumrmntmtturs

137 487 201 552 Sed
216 502 295 552 vetat
308 490 402 573 optari
416 489 524 552 faeiem
538 490 691 566 Lucretia,
706 490 825 574 qualem
1042 490 1106 550 285

134 591 202 674 Ipsa
218 593 318 656 habuit
331 615 340 654 z
361 607 491 676 cuperet
500 594 610 658 Rutilae
626 593 758 677 Virginis
770 593 891 676 gibbum

133 697 293 781 Accipere,
310 709 397 782 atque
413 720 498 762 suam
514 699 626 762 Rutilae
638 699 722 762 dare.
768 697 862 760 Filius
877 709 978 760 autem

132 800 274 884 Corporis
289 803 398 886 egregii
413 804 536 866 miseros
550 804 739 886 trepidosque
753 817 891 886 parentes

132 905 259 990 Semper
274 908 372 970 habet.
418 907 502 970 Rara
516 922 561 970 est
576 907 653 972 adei)
667 907 826 972 eoncordia
841 905 943 972 forme
1088 975 1090 982 Α

129 1011 229 1095 Atque
243 1013 409 1095 pudicitie!
456 1013 581 1077 Sanotos
594 1013 664 1076 licet
678 1013 795 1078 horrida
809 1032 909 1074 mores
1039 1011 1104 1074 200

129 1113 301 1180 Tradiderit
315 1119 431 1194 domus,
447 1140 483 1181 ae
498 1132 614 1182 veteres
628 1118 737 1180 imitata
754 1116 902 1194 Sabinos3

128 1219 283 1286 Praeterea
298 1237 410 1286 castum
426 1224 575 1306 ingenium
590 1223 762 1314 vultumque
775 1221 912 1286 modesto

129 1323 279 1409 Sanguine
295 1326 457 1391 ferventem
469 1329 575 1392 tribuat
589 1341 692 1390 natura
707 1325 835 1408 benigni

126 1428 223 1512 Larga
241 1453 351 1511 manu3
376 1432 460 1516 (quid
476 1433 555 1496 enim
570 1455 663 1516 puero
678 1430 813 1495 'conserte
828 1442 926 1514 potest
939 1429 1005 1513 plus

124 1533 260 1597 Custode
275 1549 305 1598 et
319 1536 392 1598 cu'rd
405 1547 508 1598 natura
523 1537 669 1618 potentior
683 1537 763 1598 omni
776 1535 804 1618 ἒ)
1034 1537 1098 1598 29⁵

123 1637 194 1700 Non
209 1639 278 1702 licet
293 1661 358 1702 esse
373 1640 461 1702 viris:
483 1661 553 1702 nam
568 1639 692 1722 prodiga
706 1639 885 1723 corruptoris

122 1741 298 1825 Improbitas
313 1744 391 1826 ipsos
406 1743 498 1806 audet
511 1757 624 1806 tentare
639 1758 833 1826 parentes.-

123 1847 186 1908 Sed
202 1861 284 1909 casto
300 1847 370 1930 quid
386 1846 480 1910 sonna
494 1847 603 1910 nocet?
627 1849 698 1931 quid
714 1849 821 1932 proluit
835 1851 926 1912 immo

122 1947 286 2034 Hippolyto
301 1973 390 2034 grave
405 1953 612 2036 propositum?
635 1953 705 2036 quid
718 1952 968 2037 Bellerophonti?

118 2054 251 2118 Erubuit
265 2079 373 2140 nempe
389 2057 464 2134 hoeo,
475 2074 536 2122 ceu
552 2057 687 2134 fastidita,
703 2059 830 2142 repulsa.
1033 2059 1098 2120 300

121 2159 192 2222 Neo
208 2159 390 2222 Sthenoboea
405 2163 511 2239 minus,
527 2163 615 2246 quim
632 2163 751 2236 Cressa,
769 2161 939 2236 excanduit,
954 2173 985 2224 et
996 2182 1030 2224 se

122 2263 312 2327 Concussdre
328 2267 437 2329 ambae.
483 2268 593 2330 Mulier
608 2266 768 2328 saevissima
784 2279 852 2326 tuno
868 2278 923 2339 est,
1040 2330 1043 2334 ,

122 2367 227 2442 Quum
241 2369 372 2433 stimulos
386 2373 455 2434 odio
470 2373 566 2454 pudor
574 2370 729 2441 admovet.
775 2365 862 2448 Elige
878 2367 1020 2449 quidnam

122 2472 317 2537 Suadendum
334 2497 400 2538 esse
415 2489 510 2558 putes,
525 2473 573 2535 oui
589 2473 702 2534 nubere
718 2469 846 2534 Cesaris
858 2487 934 2535 uxor

121 2578 282 2642 Destinat?
328 2579 466 2659 Optimus
480 2577 529 2637 hie
543 2590 574 2638 et
587 2575 813 2640 formosissimus
828 2577 908 2640 idem
1029 2583 1095 2641 306

122 2683 227 2745 Gentis
241 2680 367 2765 patrioiae
382 2680 492 2764 rapitur
506 2679 596 2744 miser
607 2681 837 2766 exstinguendus

122 2787 288 2851 Messalinae
303 2785 414 2848 oculis:
438 2786 550 2848 dudum
565 2787 651 2850 sedet
664 2787 713 2848 illa
728 2801 829 2868 parato

121 2890 319 2965 FlammeoIO,
333 2889 504 2972 Tyriusque
520 2891 617 2973 palam
632 2891 753 2973 genialis
767 2891 796 2951 in
811 2890 901 2954 hortis

122 2996 277 3072 Sternitur,
293 3007 323 3056 et
337 2995 392 3058 ritu
408 2995 510 3058 decies
524 3011 650 3059 centena
667 2996 811 3060 dabuntur

119 3101 250 3183 Antiquo
263 3123 272 3180 3
295 3101 393 3164 veniet
408 3123 476 3165 eum
492 3103 684 3186 signatoribus
699 3117 822 3184 auspex.
1029 3103 1094 3162 310

120 3205 197 3269 Haeo
212 3220 242 3267 tu
258 3221 372 3270 secreta
388 3222 418 3269 et
432 3208 534 3289 paucis
549 3207 708 3268 commissa
722 3202 869 3286 putabas?
888 3243 892 3250 -

118 3311 199 3387 Non,
215 3311 268 3374 nisi
283 3295 422 3394 legitime,
437 3310 498 3370 vult
511 3310 633 3371 nubere.
679 3307 903 3390 Quid'plaeeat,
919 3306 989 3372 dio:

117 3417 160 3480 Ni
174 3437 279 3500 parere
295 3416 374 3489 velis,
390 3414 574 3497 pereundum
589 3414 644 3476 erit
659 3427 726 3476 ante
740 3413 898 3474 lucernas:

120 3521 153 3582 Si
168 3522 264 3583 scelus
280 3520 425 3595 admittas,
441 3519 556 3582 dabitur
571 3539 653 3581 mora
668 3519 799 3601 parvula,
815 3519 886 3581 dutn
902 3531 951 3580 res
