<?xml version="1.0" encoding="UTF-8"?>
<!DOCTYPE html PUBLIC "-//W3C//DTD XHTML 1.0 Transitional//EN"
    "http://www.w3.org/TR/xhtml1/DTD/xhtml1-transitional.dtd">
<html xmlns="http://www.w3.org/1999/xhtml" xml:lang="en" lang="en">
 <head>
  <title>
</title>
<meta http-equiv="Content-Type" content="text/html;charset=utf-8" />
  <meta name='ocr-system' content='tesseract 3.04.00' />
  <meta name='ocr-capabilities' content='ocr_page ocr_carea ocr_par ocr_line ocrx_word'/>
</head>
<body>
  <div class='ocr_page' id='page_1' title='image "./djuniijuvenalis09juvegoog_0023.png"; bbox 0 0 2534 4022; ppageno 0'>
   <div class='ocr_carea' id='block_1_1' title="bbox 119 367 777 428">
    <p class='ocr_par' dir='ltr' id='par_1_1' title="bbox 119 367 777 428">
     <span class='ocr_line' id='line_1_1' title="bbox 119 367 777 428; baseline -0.008 0"><span class='ocrx_word' id='word_1_1' title='bbox 119 369 158 428; x_wconf 84' lang='lat'>16</span> <span class='ocrx_word' id='word_1_2' title='bbox 428 367 461 417; x_wconf 89' lang='lat' dir='ltr'>D.</span> <span class='ocrx_word' id='word_1_3' title='bbox 476 369 571 419; x_wconf 83' lang='lat' dir='ltr'><strong>JUNII</strong></span> <span class='ocrx_word' id='word_1_4' title='bbox 586 371 777 422; x_wconf 76' lang='lat' dir='ltr'><strong>JUVENALIS</strong></span> 
     </span>
    </p>
   </div>
   <div class='ocr_carea' id='block_1_2' title="bbox 80 511 1084 3231">
    <p class='ocr_par' dir='ltr' id='par_1_2' title="bbox 111 511 919 606">
     <span class='ocr_line' id='line_1_2' title="bbox 111 511 919 606; baseline 0.015 -30"><span class='ocrx_word' id='word_1_5' title='bbox 111 511 163 576; x_wconf 92' lang='lat' dir='ltr'>Ne</span> <span class='ocrx_word' id='word_1_6' title='bbox 178 515 257 598; x_wconf 85' lang='lat' dir='ltr'>prior</span> <span class='ocrx_word' id='word_1_7' title='bbox 267 515 406 580; x_wconf 85' lang='lat' dir='ltr'>Albinam</span> <span class='ocrx_word' id='word_1_8' title='bbox 422 531 452 580; x_wconf 85' lang='lat' dir='ltr'>et</span> <span class='ocrx_word' id='word_1_9' title='bbox 466 517 600 582; x_wconf 87' lang='lat' dir='ltr'>Modiam</span> <span class='ocrx_word' id='word_1_10' title='bbox 615 521 729 606; x_wconf 85' lang='lat' dir='ltr'>collega</span> <span class='ocrx_word' id='word_1_11' title='bbox 744 523 850 587; x_wconf 87' lang='lat' dir='ltr'>salutet</span> <span class='ocrx_word' id='word_1_12' title='bbox 861 523 919 586; x_wconf 74' lang='grc' dir='ltr'>ἓ·-</span> 
     </span>
    </p>

    <p class='ocr_par' dir='ltr' id='par_1_3' title="bbox 108 617 933 816">
     <span class='ocr_line' id='line_1_3' title="bbox 110 617 933 710; baseline 0.012 -30"><span class='ocrx_word' id='word_1_13' title='bbox 110 617 161 680; x_wconf 89' lang='lat' dir='ltr'>Da</span> <span class='ocrx_word' id='word_1_14' title='bbox 175 631 279 683; x_wconf 84' lang='lat' dir='ltr'>testem</span> <span class='ocrx_word' id='word_1_15' title='bbox 296 619 402 682; x_wconf 81' lang='lat' dir='ltr'>Romae</span> <span class='ocrx_word' id='word_1_16' title='bbox 417 635 477 684; x_wconf 89' lang='lat' dir='ltr'>tam</span> <span class='ocrx_word' id='word_1_17' title='bbox 492 638 635 701; x_wconf 81' lang='lat' dir='ltr'><strong>sanctam,</strong></span> <span class='ocrx_word' id='word_1_18' title='bbox 651 625 740 710; x_wconf 73' lang='lat' dir='ltr'>quam</span> <span class='ocrx_word' id='word_1_19' title='bbox 755 625 809 689; x_wconf 93' lang='lat' dir='ltr'>suit</span> <span class='ocrx_word' id='word_1_20' title='bbox 822 625 933 710; x_wconf 82' lang='lat' dir='ltr'>hospes</span> 
     </span>
     <span class='ocr_line' id='line_1_4' title="bbox 108 722 836 816; baseline 0.014 -32"><span class='ocrx_word' id='word_1_21' title='bbox 108 722 248 786; x_wconf 86' lang='lat' dir='ltr'>Numinis</span> <span class='ocrx_word' id='word_1_22' title='bbox 262 723 352 787; x_wconf 83' lang='lat' dir='ltr'>Idaei:</span> <span class='ocrx_word' id='word_1_23' title='bbox 376 729 519 810; x_wconf 84' lang='lat' dir='ltr'>procedat</span> <span class='ocrx_word' id='word_1_24' title='bbox 534 731 581 792; x_wconf 90' lang='lat' dir='ltr'>vel</span> <span class='ocrx_word' id='word_1_25' title='bbox 596 730 709 809; x_wconf 91' lang='lat' dir='ltr'>Numa,</span> <span class='ocrx_word' id='word_1_26' title='bbox 724 733 772 794; x_wconf 89' lang='lat' dir='ltr'>vel</span> <span class='ocrx_word' id='word_1_27' title='bbox 786 733 836 816; x_wconf 90' lang='lat' dir='ltr'>qui</span> 
     </span>
    </p>

    <p class='ocr_par' dir='ltr' id='par_1_4' title="bbox 107 827 1084 1015">
     <span class='ocr_line' id='line_1_5' title="bbox 109 827 1084 918; baseline 0.006 -26"><span class='ocrx_word' id='word_1_28' title='bbox 109 827 244 893; x_wconf 85' lang='lat' dir='ltr'>Servavit</span> <span class='ocrx_word' id='word_1_29' title='bbox 258 831 403 915; x_wconf 89' lang='lat' dir='ltr'>trepidam</span> <span class='ocrx_word' id='word_1_30' title='bbox 418 832 551 918; x_wconf 88' lang='lat' dir='ltr'>flagranti</span> <span class='ocrx_word' id='word_1_31' title='bbox 567 857 606 899; x_wconf 87' lang='lat' dir='ltr'>ax</span> <span class='ocrx_word' id='word_1_32' title='bbox 621 837 686 900; x_wconf 80' lang='lat' dir='ltr'>ade</span> <span class='ocrx_word' id='word_1_33' title='bbox 701 837 888 902; x_wconf 85' lang='lat' dir='ltr'>Minervam:</span> <span class='ocrx_word' id='word_1_34' title='bbox 1024 841 1084 899; x_wconf 73' lang='lat'>1⁶20</span> 
     </span>
     <span class='ocr_line' id='line_1_6' title="bbox 107 933 840 1015; baseline 0.016 -19"><span class='ocrx_word' id='word_1_35' title='bbox 107 933 255 999; x_wconf 91' lang='lat' dir='ltr'>Protenus</span> <span class='ocrx_word' id='word_1_36' title='bbox 271 937 307 999; x_wconf 91' lang='lat' dir='ltr'>ad</span> <span class='ocrx_word' id='word_1_37' title='bbox 325 959 458 1015; x_wconf 85' lang='lat' dir='ltr'>censum,</span> <span class='ocrx_word' id='word_1_38' title='bbox 475 941 513 1003; x_wconf 91' lang='lat' dir='ltr'>de</span> <span class='ocrx_word' id='word_1_39' title='bbox 528 943 658 1006; x_wconf 88' lang='lat' dir='ltr'>moribus</span> <span class='ocrx_word' id='word_1_40' title='bbox 672 944 773 1007; x_wconf 90' lang='lat' dir='ltr'>ultima</span> <span class='ocrx_word' id='word_1_41' title='bbox 788 945 840 1007; x_wconf 85' lang='lat' dir='ltr'>liet</span> 
     </span>
    </p>

    <p class='ocr_par' dir='ltr' id='par_1_5' title="bbox 101 1037 951 1337">
     <span class='ocr_line' id='line_1_7' title="bbox 104 1037 940 1131; baseline 0.012 -29"><span class='ocrx_word' id='word_1_42' title='bbox 104 1037 247 1114; x_wconf 81' lang='lat' dir='ltr'>Questio.</span> <span class='ocrx_word' id='word_1_43' title='bbox 294 1041 377 1116; x_wconf 81' lang='lat' dir='ltr'>Quot</span> <span class='ocrx_word' id='word_1_44' title='bbox 391 1045 485 1126; x_wconf 88' lang='lat' dir='ltr'>pascit</span> <span class='ocrx_word' id='word_1_45' title='bbox 499 1047 624 1109; x_wconf 77' lang='lat' dir='ltr'>seruos?</span> <span class='ocrx_word' id='word_1_46' title='bbox 648 1061 718 1130; x_wconf 91' lang='lat' dir='ltr'>quot</span> <span class='ocrx_word' id='word_1_47' title='bbox 731 1049 863 1130; x_wconf 73' lang='lat' dir='ltr'><strong>possidet</strong></span> <span class='ocrx_word' id='word_1_48' title='bbox 876 1049 940 1131; x_wconf 85' lang='lat' dir='ltr'>agri</span> 
     </span>
     <span class='ocr_line' id='line_1_8' title="bbox 101 1143 951 1236; baseline 0.008 -29"><span class='ocrx_word' id='word_1_49' title='bbox 101 1143 238 1229; x_wconf 88' lang='lat' dir='ltr'>Jugera?</span> <span class='ocrx_word' id='word_1_50' title='bbox 262 1147 351 1232; x_wconf 61' lang='lat' dir='ltr'>quiam</span> <span class='ocrx_word' id='word_1_51' title='bbox 367 1149 459 1212; x_wconf 75' lang='lat' dir='ltr'>multa</span> <span class='ocrx_word' id='word_1_52' title='bbox 473 1149 641 1235; x_wconf 73' lang='lat' dir='ltr'>magnique</span> <span class='ocrx_word' id='word_1_53' title='bbox 656 1151 813 1236; x_wconf 88' lang='lat' dir='ltr'>paropside</span> <span class='ocrx_word' id='word_1_54' title='bbox 829 1153 951 1216; x_wconf 86' lang='lat' dir='ltr'>coenat?</span> 
     </span>
     <span class='ocr_line' id='line_1_9' title="bbox 101 1249 917 1337; baseline 0.006 -24"><span class='ocrx_word' id='word_1_55' title='bbox 101 1249 255 1322; x_wconf 86' lang='lat' dir='ltr'>Quantum</span> <span class='ocrx_word' id='word_1_56' title='bbox 271 1253 394 1337; x_wconf 90' lang='lat' dir='ltr'>quisque</span> <span class='ocrx_word' id='word_1_57' title='bbox 410 1253 464 1318; x_wconf 75' lang='lat' dir='ltr'>sud</span> <span class='ocrx_word' id='word_1_58' title='bbox 478 1277 667 1320; x_wconf 91' lang='lat' dir='ltr'>nummorum</span> <span class='ocrx_word' id='word_1_59' title='bbox 682 1270 779 1320; x_wconf 84' lang='lat' dir='ltr'>servat</span> <span class='ocrx_word' id='word_1_60' title='bbox 793 1255 821 1318; x_wconf 91' lang='lat' dir='ltr'>in</span> <span class='ocrx_word' id='word_1_61' title='bbox 838 1256 917 1332; x_wconf 74' lang='lat' dir='ltr'>arci,</span> 
     </span>
    </p>

    <p class='ocr_par' dir='ltr' id='par_1_6' title="bbox 98 1353 1076 1549">
     <span class='ocr_line' id='line_1_10' title="bbox 99 1353 1076 1428; baseline 0.006 -10"><span class='ocrx_word' id='word_1_62' title='bbox 99 1353 232 1428; x_wconf 85' lang='lat' dir='ltr'>Tantum</span> <span class='ocrx_word' id='word_1_63' title='bbox 247 1358 338 1423; x_wconf 89' lang='lat' dir='ltr'>babet</span> <span class='ocrx_word' id='word_1_64' title='bbox 352 1373 382 1422; x_wconf 92' lang='lat' dir='ltr'>et</span> <span class='ocrx_word' id='word_1_65' title='bbox 396 1359 476 1424; x_wconf 86' lang='lat' dir='ltr'>fidei.</span> <span class='ocrx_word' id='word_1_66' title='bbox 519 1361 609 1424; x_wconf 79' lang='lat' dir='ltr'>dures</span> <span class='ocrx_word' id='word_1_67' title='bbox 622 1361 692 1426; x_wconf 89' lang='lat' dir='ltr'>licet</span> <span class='ocrx_word' id='word_1_68' title='bbox 706 1375 736 1424; x_wconf 86' lang='lat' dir='ltr'>at</span> <span class='ocrx_word' id='word_1_69' title='bbox 750 1361 979 1426; x_wconf 88' lang='lat' dir='ltr'>Samothracum</span> <span class='ocrx_word' id='word_1_70' title='bbox 1016 1368 1076 1425; x_wconf 76' lang='lat'>125</span> 
     </span>
     <span class='ocr_line' id='line_1_11' title="bbox 98 1459 903 1549; baseline 0.005 -25"><span class='ocrx_word' id='word_1_71' title='bbox 98 1459 141 1524; x_wconf 86' lang='lat' dir='ltr'>Et</span> <span class='ocrx_word' id='word_1_72' title='bbox 154 1477 319 1526; x_wconf 90' lang='lat' dir='ltr'>nostrorum</span> <span class='ocrx_word' id='word_1_73' title='bbox 335 1485 423 1542; x_wconf 80' lang='lat' dir='ltr'>aras3</span> <span class='ocrx_word' id='word_1_74' title='bbox 444 1481 637 1530; x_wconf 80' lang='lat' dir='ltr'>contemnere</span> <span class='ocrx_word' id='word_1_75' title='bbox 653 1466 774 1528; x_wconf 84' lang='lat' dir='ltr'>fulmina</span> <span class='ocrx_word' id='word_1_76' title='bbox 788 1487 903 1549; x_wconf 86' lang='lat' dir='ltr'>pauper</span> 
     </span>
    </p>

    <p class='ocr_par' dir='ltr' id='par_1_7' title="bbox 97 1564 826 1652">
     <span class='ocr_line' id='line_1_12' title="bbox 97 1564 826 1652; baseline 0 -24"><span class='ocrx_word' id='word_1_77' title='bbox 97 1564 239 1630; x_wconf 82' lang='lat' dir='ltr'>Creditur</span> <span class='ocrx_word' id='word_1_78' title='bbox 253 1580 341 1652; x_wconf 84' lang='lat' dir='ltr'>atque</span> <span class='ocrx_word' id='word_1_79' title='bbox 356 1567 439 1644; x_wconf 89' lang='lat' dir='ltr'>deos,</span> <span class='ocrx_word' id='word_1_80' title='bbox 455 1568 501 1632; x_wconf 88' lang='lat' dir='ltr'>dis</span> <span class='ocrx_word' id='word_1_81' title='bbox 514 1569 731 1652; x_wconf 84' lang='lat' dir='ltr'>ignoscentibus</span> <span class='ocrx_word' id='word_1_82' title='bbox 745 1569 826 1651; x_wconf 87' lang='lat' dir='ltr'>ipsis.</span> 
     </span>
    </p>

    <p class='ocr_par' dir='ltr' id='par_1_8' title="bbox 96 1669 906 1758">
     <span class='ocr_line' id='line_1_13' title="bbox 96 1669 906 1758; baseline 0.002 -24"><span class='ocrx_word' id='word_1_83' title='bbox 96 1669 190 1748; x_wconf 80' lang='lat' dir='ltr'>Quid,</span> <span class='ocrx_word' id='word_1_84' title='bbox 207 1673 286 1757; x_wconf 82' lang='lat' dir='ltr'>qudd</span> <span class='ocrx_word' id='word_1_85' title='bbox 301 1678 454 1736; x_wconf 87' lang='lat' dir='ltr'>materiam</span> <span class='ocrx_word' id='word_1_86' title='bbox 469 1675 580 1757; x_wconf 85' lang='lat' dir='ltr'>praebet</span> <span class='ocrx_word' id='word_1_87' title='bbox 593 1695 757 1757; x_wconf 81' lang='lat' dir='ltr'>causasque</span> <span class='ocrx_word' id='word_1_88' title='bbox 767 1673 906 1758; x_wconf 90' lang='lat' dir='ltr'>jocorum</span> 
     </span>
    </p>

    <p class='ocr_par' dir='ltr' id='par_1_9' title="bbox 97 1777 842 1856">
     <span class='ocr_line' id='line_1_14' title="bbox 97 1777 842 1856; baseline -0.001 -15"><span class='ocrx_word' id='word_1_89' title='bbox 97 1777 243 1842; x_wconf 90' lang='lat' dir='ltr'>Omnibus</span> <span class='ocrx_word' id='word_1_90' title='bbox 258 1779 306 1842; x_wconf 90' lang='lat' dir='ltr'>hic</span> <span class='ocrx_word' id='word_1_91' title='bbox 321 1779 412 1855; x_wconf 89' lang='lat' dir='ltr'>idem,</span> <span class='ocrx_word' id='word_1_92' title='bbox 428 1779 451 1842; x_wconf 90' lang='lat' dir='ltr'>sl</span> <span class='ocrx_word' id='word_1_93' title='bbox 467 1777 592 1842; x_wconf 87' lang='lat' dir='ltr'>soeda·et</span> <span class='ocrx_word' id='word_1_94' title='bbox 607 1779 699 1842; x_wconf 88' lang='lat' dir='ltr'>scissa</span> <span class='ocrx_word' id='word_1_95' title='bbox 712 1780 842 1856; x_wconf 87' lang='lat' dir='ltr'>lacerna,</span> 
     </span>
    </p>

    <p class='ocr_par' dir='ltr' id='par_1_10' title="bbox 93 1883 1071 2074">
     <span class='ocr_line' id='line_1_15' title="bbox 95 1883 1071 1968; baseline 0.007 -23"><span class='ocrx_word' id='word_1_96' title='bbox 95 1883 128 1945; x_wconf 85' lang='lat' dir='ltr'>si</span> <span class='ocrx_word' id='word_1_97' title='bbox 143 1897 212 1967; x_wconf 89' lang='lat' dir='ltr'>toga</span> <span class='ocrx_word' id='word_1_98' title='bbox 226 1883 375 1948; x_wconf 89' lang='lat' dir='ltr'>sordidula</span> <span class='ocrx_word' id='word_1_99' title='bbox 389 1897 442 1961; x_wconf 88' lang='lat' dir='ltr'>est,</span> <span class='ocrx_word' id='word_1_100' title='bbox 458 1899 488 1948; x_wconf 91' lang='lat' dir='ltr'>et</span> <span class='ocrx_word' id='word_1_101' title='bbox 502 1883 588 1968; x_wconf 69' lang='lat' dir='ltr'>rupti</span> <span class='ocrx_word' id='word_1_102' title='bbox 602 1885 721 1948; x_wconf 86' lang='lat' dir='ltr'>calceus</span> <span class='ocrx_word' id='word_1_103' title='bbox 736 1885 808 1947; x_wconf 88' lang='lat' dir='ltr'>alter</span> <span class='ocrx_word' id='word_1_104' title='bbox 1011 1895 1071 1952; x_wconf 77' lang='lat'>130</span> 
     </span>
     <span class='ocr_line' id='line_1_16' title="bbox 93 1988 820 2074; baseline -0.001 -21"><span class='ocrx_word' id='word_1_105' title='bbox 93 1988 179 2053; x_wconf 88' lang='lat' dir='ltr'>Pelle</span> <span class='ocrx_word' id='word_1_106' title='bbox 193 2003 275 2074; x_wconf 89' lang='lat' dir='ltr'>patet</span> <span class='ocrx_word' id='word_1_107' title='bbox 280 2013 290 2071; x_wconf 81' lang='lat'><em>3</em></span> <span class='ocrx_word' id='word_1_108' title='bbox 314 1991 360 2054; x_wconf 91' lang='lat' dir='ltr'>vel</span> <span class='ocrx_word' id='word_1_109' title='bbox 375 1991 398 2054; x_wconf 91' lang='lat' dir='ltr'>si</span> <span class='ocrx_word' id='word_1_110' title='bbox 413 2005 538 2056; x_wconf 88' lang='lat' dir='ltr'>consuto</span> <span class='ocrx_word' id='word_1_111' title='bbox 552 1993 673 2056; x_wconf 87' lang='lat' dir='ltr'>vulnere</span> <span class='ocrx_word' id='word_1_112' title='bbox 688 2011 820 2055; x_wconf 89' lang='lat' dir='ltr'>crassum</span> 
     </span>
    </p>

    <p class='ocr_par' dir='ltr' id='par_1_11' title="bbox 92 2094 865 2178">
     <span class='ocr_line' id='line_1_17' title="bbox 92 2094 865 2178; baseline -0.001 -21"><span class='ocrx_word' id='word_1_113' title='bbox 92 2096 192 2178; x_wconf 90' lang='lat' dir='ltr'>Atque</span> <span class='ocrx_word' id='word_1_114' title='bbox 206 2117 312 2160; x_wconf 87' lang='lat' dir='ltr'>recens</span> <span class='ocrx_word' id='word_1_115' title='bbox 326 2097 417 2160; x_wconf 92' lang='lat' dir='ltr'>linum</span> <span class='ocrx_word' id='word_1_116' title='bbox 431 2097 557 2160; x_wconf 88' lang='lat' dir='ltr'>ostendit</span> <span class='ocrx_word' id='word_1_117' title='bbox 570 2119 630 2160; x_wconf 92' lang='lat' dir='ltr'>non</span> <span class='ocrx_word' id='word_1_118' title='bbox 644 2117 703 2161; x_wconf 84' lang='lat' dir='ltr'>unu</span> <span class='ocrx_word' id='word_1_119' title='bbox 717 2095 839 2160; x_wconf 76' lang='lat' dir='ltr'>cicatrix</span> <span class='ocrx_word' id='word_1_120' title='bbox 851 2094 865 2156; x_wconf 74' lang='grc' dir='ltr'><strong><em>ἓ</em></strong></span> 
     </span>
    </p>

    <p class='ocr_par' dir='ltr' id='par_1_12' title="bbox 89 2197 749 2285">
     <span class='ocr_line' id='line_1_18' title="bbox 89 2197 749 2285; baseline 0.003 -23"><span class='ocrx_word' id='word_1_121' title='bbox 89 2197 142 2262; x_wconf 89' lang='lat' dir='ltr'>Nil</span> <span class='ocrx_word' id='word_1_122' title='bbox 156 2199 246 2262; x_wconf 85' lang='lat' dir='ltr'>habet</span> <span class='ocrx_word' id='word_1_123' title='bbox 259 2198 361 2263; x_wconf 84' lang='lat' dir='ltr'>infelix</span> <span class='ocrx_word' id='word_1_124' title='bbox 375 2215 534 2285; x_wconf 82' lang='lat' dir='ltr'>paupertas</span> <span class='ocrx_word' id='word_1_125' title='bbox 547 2201 647 2264; x_wconf 76' lang='lat' dir='ltr'>duritas</span> <span class='ocrx_word' id='word_1_126' title='bbox 661 2201 693 2262; x_wconf 88' lang='lat' dir='ltr'>in·</span> <span class='ocrx_word' id='word_1_127' title='bbox 705 2223 749 2277; x_wconf 90' lang='lat' dir='ltr'>se,</span> 
     </span>
    </p>

    <p class='ocr_par' dir='ltr' id='par_1_13' title="bbox 89 2303 954 2389">
     <span class='ocr_line' id='line_1_19' title="bbox 89 2303 954 2389; baseline 0.002 -23"><span class='ocrx_word' id='word_1_128' title='bbox 89 2303 192 2378; x_wconf 72' lang='lat' dir='ltr'>Quam</span> <span class='ocrx_word' id='word_1_129' title='bbox 207 2305 286 2389; x_wconf 86' lang='lat' dir='ltr'>qubd</span> <span class='ocrx_word' id='word_1_130' title='bbox 301 2305 440 2368; x_wconf 87' lang='lat' dir='ltr'>ridiculos</span> <span class='ocrx_word' id='word_1_131' title='bbox 453 2305 588 2368; x_wconf 88' lang='lat' dir='ltr'>homines</span> <span class='ocrx_word' id='word_1_132' title='bbox 602 2303 681 2368; x_wconf 85' lang='lat' dir='ltr'>lacit.</span> <span class='ocrx_word' id='word_1_133' title='bbox 728 2303 839 2380; x_wconf 86' lang='lat' dir='ltr'>Exeat,</span> <span class='ocrx_word' id='word_1_134' title='bbox 854 2306 954 2388; x_wconf 91' lang='lat' dir='ltr'>inquit,</span> 
     </span>
    </p>

    <p class='ocr_par' dir='ltr' id='par_1_14' title="bbox 86 2409 1063 2600">
     <span class='ocr_line' id='line_1_20' title="bbox 88 2409 1063 2495; baseline 0.001 -23"><span class='ocrx_word' id='word_1_135' title='bbox 88 2410 121 2473; x_wconf 90' lang='lat' dir='ltr'>Si</span> <span class='ocrx_word' id='word_1_136' title='bbox 136 2410 232 2495; x_wconf 90' lang='lat' dir='ltr'>pudor</span> <span class='ocrx_word' id='word_1_137' title='bbox 246 2424 299 2488; x_wconf 89' lang='lat' dir='ltr'>est,</span> <span class='ocrx_word' id='word_1_138' title='bbox 316 2424 345 2474; x_wconf 85' lang='lat' dir='ltr'>at</span> <span class='ocrx_word' id='word_1_139' title='bbox 360 2409 399 2474; x_wconf 92' lang='lat' dir='ltr'>de</span> <span class='ocrx_word' id='word_1_140' title='bbox 413 2410 532 2494; x_wconf 85' lang='lat' dir='ltr'>pulvino</span> <span class='ocrx_word' id='word_1_141' title='bbox 547 2423 646 2493; x_wconf 81' lang='lat' dir='ltr'>surgat</span> <span class='ocrx_word' id='word_1_142' title='bbox 660 2410 802 2492; x_wconf 88' lang='lat' dir='ltr'>equestri,</span> <span class='ocrx_word' id='word_1_143' title='bbox 1003 2417 1063 2473; x_wconf 80' lang='lat'>13⁵</span> 
     </span>
     <span class='ocr_line' id='line_1_21' title="bbox 86 2514 805 2600; baseline -0.004 -21"><span class='ocrx_word' id='word_1_144' title='bbox 86 2515 182 2600; x_wconf 86' lang='lat' dir='ltr'>Cujus</span> <span class='ocrx_word' id='word_1_145' title='bbox 196 2537 244 2578; x_wconf 90' lang='lat' dir='ltr'>res</span> <span class='ocrx_word' id='word_1_146' title='bbox 259 2517 317 2599; x_wconf 90' lang='lat' dir='ltr'>legi</span> <span class='ocrx_word' id='word_1_147' title='bbox 331 2538 390 2579; x_wconf 90' lang='lat' dir='ltr'>non</span> <span class='ocrx_word' id='word_1_148' title='bbox 405 2515 522 2592; x_wconf 88' lang='lat' dir='ltr'>sufficit,</span> <span class='ocrx_word' id='word_1_149' title='bbox 538 2529 568 2578; x_wconf 89' lang='lat' dir='ltr'>et</span> <span class='ocrx_word' id='word_1_150' title='bbox 582 2515 706 2578; x_wconf 87' lang='lat' dir='ltr'>sedeant</span> <span class='ocrx_word' id='word_1_151' title='bbox 720 2514 770 2577; x_wconf 85' lang='lat' dir='ltr'>hic</span> <span class='ocrx_word' id='word_1_152' title='bbox 804 2555 805 2560; x_wconf 22' lang='grc' dir='ltr'><strong><em>κ</em></strong></span> 
     </span>
    </p>

    <p class='ocr_par' dir='ltr' id='par_1_15' title="bbox 85 2619 789 2706">
     <span class='ocr_line' id='line_1_22' title="bbox 85 2619 789 2706; baseline 0 -22"><span class='ocrx_word' id='word_1_153' title='bbox 85 2621 245 2684; x_wconf 88' lang='lat' dir='ltr'>Lenonum</span> <span class='ocrx_word' id='word_1_154' title='bbox 259 2622 343 2706; x_wconf 89' lang='lat' dir='ltr'>pueri</span> <span class='ocrx_word' id='word_1_155' title='bbox 359 2641 536 2704; x_wconf 92' lang='lat' dir='ltr'>quocunque</span> <span class='ocrx_word' id='word_1_156' title='bbox 551 2621 580 2682; x_wconf 92' lang='lat' dir='ltr'>in</span> <span class='ocrx_word' id='word_1_157' title='bbox 594 2619 705 2684; x_wconf 84' lang='lat' dir='ltr'>fornice</span> <span class='ocrx_word' id='word_1_158' title='bbox 720 2621 789 2684; x_wconf 82' lang='lat' dir='ltr'>nati.</span> 
     </span>
    </p>

    <p class='ocr_par' dir='ltr' id='par_1_16' title="bbox 84 2725 711 2811">
     <span class='ocr_line' id='line_1_23' title="bbox 84 2725 711 2811; baseline 0.006 -23"><span class='ocrx_word' id='word_1_159' title='bbox 84 2725 146 2789; x_wconf 88' lang='lat' dir='ltr'>Hic</span> <span class='ocrx_word' id='word_1_160' title='bbox 161 2726 280 2811; x_wconf 87' lang='lat' dir='ltr'>plaudat</span> <span class='ocrx_word' id='word_1_161' title='bbox 296 2725 375 2790; x_wconf 92' lang='lat' dir='ltr'>nitidi</span> <span class='ocrx_word' id='word_1_162' title='bbox 390 2727 533 2810; x_wconf 86' lang='lat' dir='ltr'>praeconis</span> <span class='ocrx_word' id='word_1_163' title='bbox 547 2727 623 2790; x_wconf 86' lang='lat' dir='ltr'>filius</span> <span class='ocrx_word' id='word_1_164' title='bbox 637 2727 711 2793; x_wconf 86' lang='lat' dir='ltr'>inter</span> 
     </span>
    </p>

    <p class='ocr_par' dir='ltr' id='par_1_17' title="bbox 82 2831 816 2916">
     <span class='ocr_line' id='line_1_24' title="bbox 82 2831 816 2916; baseline -0.005 -22"><span class='ocrx_word' id='word_1_165' title='bbox 82 2831 233 2914; x_wconf 88' lang='lat' dir='ltr'>Pinnirapi</span> <span class='ocrx_word' id='word_1_166' title='bbox 248 2833 341 2895; x_wconf 88' lang='lat' dir='ltr'>cultos</span> <span class='ocrx_word' id='word_1_167' title='bbox 350 2833 487 2916; x_wconf 75' lang='lat' dir='ltr'>juveneS,</span> <span class='ocrx_word' id='word_1_168' title='bbox 496 2831 682 2916; x_wconf 86' lang='lat' dir='ltr'>juvenesque</span> <span class='ocrx_word' id='word_1_169' title='bbox 697 2833 816 2894; x_wconf 79' lang='lat' dir='ltr'>lanista.</span> 
     </span>
    </p>

    <p class='ocr_par' dir='ltr' id='par_1_18' title="bbox 80 2935 1059 3231">
     <span class='ocr_line' id='line_1_25' title="bbox 82 2935 1059 3019; baseline -0.004 -21"><span class='ocrx_word' id='word_1_170' title='bbox 82 2935 133 2998; x_wconf 91' lang='lat' dir='ltr'>Sic</span> <span class='ocrx_word' id='word_1_171' title='bbox 148 2936 260 3000; x_wconf 88' lang='lat' dir='ltr'>libitum</span> <span class='ocrx_word' id='word_1_172' title='bbox 275 2956 362 3013; x_wconf 88' lang='lat' dir='ltr'>vanu,</span> <span class='ocrx_word' id='word_1_173' title='bbox 379 2937 427 3019; x_wconf 89' lang='lat' dir='ltr'>qui</span> <span class='ocrx_word' id='word_1_174' title='bbox 442 2959 497 3000; x_wconf 87' lang='lat' dir='ltr'>nos</span> <span class='ocrx_word' id='word_1_175' title='bbox 511 2936 649 3010; x_wconf 83' lang='lat' dir='ltr'>distinxit,</span> <span class='ocrx_word' id='word_1_176' title='bbox 665 2935 786 2996; x_wconf 90' lang='lat' dir='ltr'>Othoni.</span> <span class='ocrx_word' id='word_1_177' title='bbox 998 2939 1059 2995; x_wconf 76' lang='lat'>140</span> 
     </span>
     <span class='ocr_line' id='line_1_26' title="bbox 80 3038 892 3126; baseline -0.006 -22"><span class='ocrx_word' id='word_1_178' title='bbox 80 3040 157 3114; x_wconf 82' lang='lat' dir='ltr'>Quis</span> <span class='ocrx_word' id='word_1_179' title='bbox 171 3064 263 3126; x_wconf 90' lang='lat' dir='ltr'>gener</span> <span class='ocrx_word' id='word_1_180' title='bbox 277 3041 325 3105; x_wconf 90' lang='lat' dir='ltr'>hic</span> <span class='ocrx_word' id='word_1_181' title='bbox 341 3042 450 3126; x_wconf 87' lang='lat' dir='ltr'>placuit</span> <span class='ocrx_word' id='word_1_182' title='bbox 463 3063 554 3104; x_wconf 89' lang='lat' dir='ltr'>censu</span> <span class='ocrx_word' id='word_1_183' title='bbox 569 3041 672 3114; x_wconf 90' lang='lat' dir='ltr'>minor,</span> <span class='ocrx_word' id='word_1_184' title='bbox 686 3052 772 3121; x_wconf 90' lang='lat' dir='ltr'>atque</span> <span class='ocrx_word' id='word_1_185' title='bbox 788 3038 892 3120; x_wconf 80' lang='lat' dir='ltr'>puellae</span> 
     </span>
     <span class='ocr_line' id='line_1_27' title="bbox 80 3127 871 3231; baseline -0.009 -23"><span class='ocrx_word' id='word_1_186' title='bbox 80 3147 240 3210; x_wconf 88' lang='lat' dir='ltr'>Sarcinulis</span> <span class='ocrx_word' id='word_1_187' title='bbox 254 3145 374 3231; x_wconf 87' lang='lat' dir='ltr'>impar?</span> <span class='ocrx_word' id='word_1_188' title='bbox 397 3148 461 3230; x_wconf 85' lang='lat' dir='ltr'>quis</span> <span class='ocrx_word' id='word_1_189' title='bbox 475 3167 588 3230; x_wconf 88' lang='lat' dir='ltr'>pauper</span> <span class='ocrx_word' id='word_1_190' title='bbox 604 3143 737 3206; x_wconf 86' lang='lat' dir='ltr'>scribitur</span> <span class='ocrx_word' id='word_1_191' title='bbox 752 3127 871 3203; x_wconf 82' lang='lat' dir='ltr'>haeres?</span> 
     </span>
    </p>
   </div>
   <div class='ocr_carea' id='block_1_3' title="bbox 77 3243 869 3326">
    <p class='ocr_par' dir='ltr' id='par_1_19' title="bbox 77 3243 869 3326">
     <span class='ocr_line' id='line_1_28' title="bbox 77 3243 869 3326; baseline -0.011 -11"><span class='ocrx_word' id='word_1_192' title='bbox 77 3251 210 3325; x_wconf 84' lang='lat' dir='ltr'>Quando</span> <span class='ocrx_word' id='word_1_193' title='bbox 224 3253 253 3314; x_wconf 94' lang='lat' dir='ltr'>in</span> <span class='ocrx_word' id='word_1_194' title='bbox 269 3252 389 3316; x_wconf 89' lang='lat' dir='ltr'>consilio</span> <span class='ocrx_word' id='word_1_195' title='bbox 405 3265 449 3313; x_wconf 90' lang='lat' dir='ltr'>est</span> <span class='ocrx_word' id='word_1_196' title='bbox 464 3245 619 3311; x_wconf 87' lang='lat' dir='ltr'>aedilibus?</span> <span class='ocrx_word' id='word_1_197' title='bbox 643 3245 772 3326; x_wconf 87' lang='lat' dir='ltr'>Agmine</span> <span class='ocrx_word' id='word_1_198' title='bbox 791 3243 869 3307; x_wconf 87' lang='lat' dir='ltr'>lacto</span> 
     </span>
    </p>
   </div>
   <div class='ocr_carea' id='block_1_4' title="bbox 74 3349 1050 3540">
    <p class='ocr_par' dir='ltr' id='par_1_20' title="bbox 74 3349 1050 3540">
     <span class='ocr_line' id='line_1_29' title="bbox 76 3349 769 3433; baseline -0.016 -12"><span class='ocrx_word' id='word_1_199' title='bbox 76 3357 251 3421; x_wconf 88' lang='lat' dir='ltr'>Debuerant</span> <span class='ocrx_word' id='word_1_200' title='bbox 265 3357 335 3421; x_wconf 92' lang='lat' dir='ltr'>olim</span> <span class='ocrx_word' id='word_1_201' title='bbox 351 3370 455 3418; x_wconf 89' lang='lat' dir='ltr'>tenues</span> <span class='ocrx_word' id='word_1_202' title='bbox 469 3349 611 3433; x_wconf 70' lang='lat' dir='ltr'>migrisse</span> <span class='ocrx_word' id='word_1_203' title='bbox 627 3349 769 3423; x_wconf 78' lang='lat' dir='ltr'>Quirites</span> 
     </span>
     <span class='ocr_line' id='line_1_30' title="bbox 74 3454 1050 3540; baseline -0.007 -14"><span class='ocrx_word' id='word_1_204' title='bbox 74 3461 167 3526; x_wconf 88' lang='lat' dir='ltr'>Haud</span> <span class='ocrx_word' id='word_1_205' title='bbox 183 3461 270 3525; x_wconf 72' lang='lat' dir='ltr'>facile</span> <span class='ocrx_word' id='word_1_206' title='bbox 286 3471 450 3540; x_wconf 88' lang='lat' dir='ltr'>emergunt,</span> <span class='ocrx_word' id='word_1_207' title='bbox 467 3475 590 3539; x_wconf 85' lang='lat' dir='ltr'>quorum</span> <span class='ocrx_word' id='word_1_208' title='bbox 607 3454 757 3518; x_wconf 86' lang='lat' dir='ltr'>virtutibus</span> <span class='ocrx_word' id='word_1_209' title='bbox 771 3455 867 3519; x_wconf 87' lang='lat' dir='ltr'>obstat</span> <span class='ocrx_word' id='word_1_210' title='bbox 992 3465 1050 3526; x_wconf 77' lang='grc'>145</span> 
     </span>
    </p>
   </div>
   <div class='ocr_carea' id='block_1_5' title="bbox 73 3559 779 3651">
    <p class='ocr_par' dir='ltr' id='par_1_21' title="bbox 73 3559 779 3651">
     <span class='ocr_line' id='line_1_31' title="bbox 73 3559 779 3651; baseline -0.011 -19"><span class='ocrx_word' id='word_1_211' title='bbox 73 3565 139 3632; x_wconf 87' lang='lat' dir='ltr'>Res</span> <span class='ocrx_word' id='word_1_212' title='bbox 155 3579 276 3651; x_wconf 87' lang='lat' dir='ltr'>angusta</span> <span class='ocrx_word' id='word_1_213' title='bbox 292 3563 393 3642; x_wconf 82' lang='lat' dir='ltr'>dumi3</span> <span class='ocrx_word' id='word_1_214' title='bbox 415 3561 469 3624; x_wconf 85' lang='lat' dir='ltr'>sed</span> <span class='ocrx_word' id='word_1_215' title='bbox 486 3560 592 3627; x_wconf 80' lang='lat' dir='ltr'>Roma</span> <span class='ocrx_word' id='word_1_216' title='bbox 608 3559 707 3627; x_wconf 85' lang='lat' dir='ltr'>durior</span> <span class='ocrx_word' id='word_1_217' title='bbox 721 3559 779 3630; x_wconf 81' lang='lat' dir='ltr'>illis</span> 
     </span>
    </p>
   </div>
   <div class='ocr_carea' id='block_1_6' title="bbox 0 0 1272 4022">
    <p class='ocr_par' dir='ltr' id='par_1_22' title="bbox 0 0 1272 4022">
     <span class='ocr_line' id='line_1_32' title="bbox 0 0 1272 4022; baseline 0 13"><span class='ocrx_word' id='word_1_218' title='bbox 0 0 1272 4022; x_wconf 95' lang='lat' dir='ltr'> </span> 
     </span>
    </p>
   </div>
  </div>
 </body>
</html>
