2534 4022
597 365 718 418 SATIRA
733 367 768 418 11.

173 522 251 596 Quo
266 545 355 590 causa
370 516 482 589 officii-i
506 517 590 599 Quid
605 519 733 608 queris?
779 523 873 588 Nubit
885 523 1007 598 amicus,

172 624 205 693 N
206 651 242 693 ec
256 629 363 694 multos¹
378 631 509 694 adhibet.
554 625 661 693 Liceat
670 629 762 692 modb
776 629 875 690 vivere
890 649 900 706 3
921 627 1001 700 fient,

172 734 262 800 Fient
272 737 326 800 ista
340 737 449 820 palam,
464 736 584 818 cupient
598 748 628 798 et
642 735 754 797 inacta
768 731 882 796 referri.

172 839 291 904 Interea
304 855 483 904 tormentum
498 841 601 922 ingens
613 839 791 901 nubentibus
813 839 917 912 haeret,
1093 839 1151 897 120

175 941 270 1016 Qubd
285 935 439 1028 nequeunt
449 967 565 1028 parere,
581 957 611 1007 et
627 957 712 1027 partu
726 943 853 1006 retinere
868 939 996 1003 maritos.

176 1046 239 1110 Sed
251 1051 367 1126 melius,
380 1050 459 1133 qubd
471 1051 511 1112 nil
526 1051 630 1112 animis
644 1050 672 1112 in
688 1071 813 1132 corpora
822 1044 896 1133 juris

176 1151 291 1216 Natura
305 1155 446 1238 indulget.
494 1155 615 1218 Steriles
631 1155 801 1230 moriuntur,
817 1153 915 1216 etillis

176 1255 312 1340 Turgida
325 1281 384 1320 non
399 1259 521 1342 prodest
536 1259 656 1322 conditi
670 1261 781 1342 pyxide
795 1259 895 1342 Lyde,

178 1359 246 1424 Nec
261 1363 381 1445 prodest
396 1365 462 1445 agili
473 1364 588 1446 palmas
594 1365 734 1446 praebere
750 1364 903 1445 Luperco.
1094 1367 1152 1423 125

220 1463 301 1527 Vicit
315 1479 343 1527 et
359 1467 416 1528 boc
432 1481 593 1528 monstrum
609 1467 729 1528 tunicati
745 1465 858 1528 suscina
873 1464 1015 1541 Gracchi,

179 1569 387 1652 Lustravitque
402 1568 471 1652 suga
486 1570 616 1632 mediam
632 1570 775 1652 gladiator
790 1589 921 1644 arenam,

180 1673 222 1736 Et
237 1673 410 1757 Capitolinis
427 1675 605 1757 generosior,
621 1689 651 1736 et
665 1675 827 1750 Marcellia,

180 1775 222 1839 Et
236 1775 360 1854 Catulis,
376 1778 532 1861 Paullique
548 1779 717 1854 minoribus,
733 1793 763 1842 et
777 1777 889 1854 Fabiis,
904 1793 934 1840 et

181 1879 327 1944 Omnibus
342 1883 380 1944 ad
391 1883 512 1964 podium
529 1883 735 1965 spectantibus.
782 1882 839 1945 His
854 1883 923 1945 licet
937 1883 1033 1966 ipsum
1096 1886 1156 1944 130

181 1985 364 2063 Admoveas,
379 1987 462 2071 cujus
476 2000 546 2050 tuuc
562 2008 684 2050 munere
700 1988 774 2049 retia
788 1987 877 2048 misit.

225 2088 303 2151 Esse
319 2091 427 2171 aliquid
443 2090 560 2164 Manes,
576 2104 605 2151 et
620 2080 809 2152 subterranea
824 2111 925 2172 regna,

183 2191 225 2256 Et
236 2205 366 2268 contum,
383 2208 413 2255 et
428 2193 531 2274 Stygio
545 2213 632 2256 ranas
646 2195 674 2255 io
691 2195 805 2277 gurgite
820 2195 927 2276 nigras,

183 2299 283 2380 Atque
298 2295 358 2358 und
370 2297 492 2360 transire
508 2298 617 2359 vadum
632 2311 674 2361 tot
685 2299 774 2360 millia
789 2298 908 2382 cymba,

185 2401 253 2463 Nec
267 2401 352 2484 pueri
366 2402 500 2476 credunt,
516 2401 570 2464 nisi
586 2403 635 2485 qui
643 2403 774 2464 nondum
790 2425 848 2466 aere
863 2403 1005 2466 lavantur.
1100 2407 1158 2466 135

186 2503 250 2564 Sed
261 2517 293 2566 tu
307 2525 378 2566 vera
394 2520 476 2587 puta.
521 2505 631 2568 Curius
647 2506 717 2588 quid
732 2506 828 2582 sentit,
843 2519 872 2567 et
887 2507 975 2568 ambo

187 2607 350 2691 Scipiadae,
366 2610 435 2689 quid
451 2609 617 2686 Fabricius,
629 2631 792 2692 manesque
809 2609 939 2685 Camilli,

187 2708 271 2782 Quid
286 2709 438 2772 Cremerae
454 2712 541 2792 legio,
557 2726 588 2772 et
602 2713 714 2773 Cannis
729 2727 904 2794 consumpta
913 2713 1062 2795 juventus,

186 2809 249 2876 Tot
262 2813 406 2875 bellorum
422 2815 536 2890 anime,
553 2815 667 2898 quoties
678 2815 746 2877 hinc
761 2815 826 2878 talis
838 2815 876 2877 ad
892 2815 956 2877 illos

187 2915 303 2979 Umbra
318 2917 419 2980 venit?
464 2919 620 3002 Cuperent
634 2921 756 2995 lustrari,
773 2920 796 2982 si
812 2941 870 3002 qua
885 2920 1023 2983 darentur
1103 2927 1163 2984 140

189 3020 338 3104 Sulphura
352 3043 421 3082 curn
436 3023 529 3098 taedis,
545 3039 575 3085 et
590 3024 613 3086 si
628 3023 704 3086 soret
718 3025 840 3087 humida
851 3025 961 3087 laurus.

189 3124 273 3200 llluc,
288 3126 367 3187 heu!
390 3126 487 3188 miseri
503 3128 694 3190 traducimur.
739 3130 833 3190 Arma
850 3129 968 3210 quidem
982 3129 1056 3191 ultra

190 3225 454 3291 Littera'Jnvemae
472 3233 680 3312 promovimus,
697 3247 726 3295 et
742 3231 833 3294 modb
847 3245 949 3315 captas

192 3330 338 3406 Orcadas,
355 3353 391 3394 eo
406 3333 528 3395 minima
543 3351 696 3399 contentos
705 3350 794 3400 nocte
810 3336 991 3400 Britannos:

194 3432 258 3496 Sed
273 3453 336 3515 quae
348 3457 425 3498 nunc
441 3437 540 3520 populi
555 3437 627 3501 liunt
640 3441 757 3503 victoris
767 3441 796 3502 in
811 3442 893 3518 urbe,
1107 3451 1167 3508 145

195 3535 266 3599 Non
281 3535 391 3599 faciunt
405 3537 453 3614 illi,
470 3561 543 3623 quos
557 3543 737 3606 vicimus-

532 3709 835 3728 Ἣ·-
