2532 4008
120 320 180 380 106
441 322 474 368 D.
490 319 584 369 JUNII
599 319 789 370 JUVENALIS

116 464 288 540 Cesariem,
304 479 334 528 et
348 467 467 536 madido
481 479 666 550 torquentem
681 487 793 530 cornua
807 465 907 528 cirre?
1027 467 1088 528 165

116 568 236 652 Nempe
252 569 331 652 qued
346 571 410 631 haee
425 570 479 632 illis
493 583 598 632 natura
612 585 657 632 est
671 571 807 632 omnibus
822 591 891 630 una.

114 672 165 733 Ad
179 672 287 736 subitas
301 673 456 736 Thracum
471 676 606 737 volucres
621 677 790 758 nubemque
805 665 942 737 sonoram

114 774 273 858 Pygmaeus
288 779 384 859 parvis
398 779 486 844 currit
501 779 623 842 bellator
637 780 667 840 in
683 781 790 841 armis:
835 807 837 812 v

112 877 188 941 Mox
202 881 297 963 impar
311 881 385 944 hosti
400 896 557 965 raptusque
572 904 625 965 per
640 886 709 944 ae'ra
724 883 820 945 curvis

112 981 269 1065 Unguibus
284 1008 302 1047 a
317 984 500 1047 saevhsertur
514 1007 597 1067 grue.
645 986 678 1047 Si
693 986 795 1050 videas
810 985 868 1048 hoe
1022 989 1083 1045 170

114 1085 257 1150 Gentibus
272 1089 300 1150 in
316 1091 428 1164 nostriS,
444 1091 501 1151 risu
518 1089 666 1171 quatiere:
689 1089 743 1151 sed
757 1088 826 1164 illic,

112 1187 293 1276 Quanquam
309 1194 416 1256 eadem
431 1193 548 1256 assidue
564 1207 732 1276 spectentur
746 1193 861 1276 proelia,
875 1194 952 1257 ridet

111 1295 223 1377 Neine,
239 1299 288 1363 ubi
303 1315 364 1364 tota
378 1302 484 1366 cohors
499 1302 578 1384 pede
593 1313 711 1362 nonest
726 1299 808 1360 altior
824 1319 892 1360 uno.

154 1403 283 1468 Nullane
298 1407 405 1490 perjuri
421 1407 523 1488 capitis
537 1404 705 1486 fraudisque
720 1402 854 1466 nefande

110 1508 209 1576 Poena
223 1509 302 1570 erit?
347 1511 513 1592 Abreptum
528 1509 618 1570 erede
633 1510 711 1569 huno
728 1508 861 1588 graviore
876 1505 981 1569 calenti
1019 1511 1080 1567 175

110 1611 267 1688 Protenus,
283 1627 313 1675 et
326 1627 425 1675 nostro
442 1612 526 1694 (quid
541 1613 606 1694 plus
620 1613 689 1677 velit
703 1613 746 1674 ira
757 1611 786 1699 ?)
809 1613 909 1680 necati

109 1715 259 1779 Arbitrio:
281 1733 381 1780 manet
394 1717 442 1778 illa
456 1730 555 1782 tamen
565 1717 691 1800 jactum,
707 1739 763 1780 nee
778 1738 909 1800 unquam

110 1819 288 1902 Depositum
304 1821 353 1882 tibi
369 1843 471 1904 sospes
486 1823 549 1883 erit.
595 1822 657 1884 Sed
673 1844 797 1906 corpore
812 1836 915 1884 trunco

108 1921 255 1990 Invidiosa
270 1925 349 1990 dabit
363 1927 500 1992 minimus
514 1928 616 1994 solatia
631 1929 758 2015 sanguis.

109 2031 151 2095 At
164 2035 292 2098 vindicta
308 2037 417 2099 bonum
432 2037 491 2100 viti
500 2038 661 2122 jucundius
675 2039 749 2120 ipsa.
854 2109 862 2122 ,

108 2137 230 2221 Nempe
244 2139 303 2201 hoc
317 2141 436 2216 indocti,
453 2163 577 2224 quorum
592 2142 753 2224 praecordia
766 2142 852 2204 nullis

107 2238 269 2316 Interdum,
285 2257 333 2304 aut
348 2245 459 2308 levibus
474 2248 574 2308 videas
589 2245 739 2326 flagrantia
754 2245 860 2306 causis.
893 2259 899 2266 '

108 2340 376 2428 Quantulaeunque
393 2349 469 2412 aded
485 2363 528 2410 est
542 2347 670 2422 occasi0,
686 2347 792 2408 sufficit
806 2345 866 2407 irae.

108 2443 293 2531 Chrysippus
308 2473 366 2512 non
382 2453 460 2512 dicet
475 2453 564 2527 idem,
580 2472 636 2512 neo
648 2451 718 2512 mite
733 2449 868 2512 Thaletis

106 2545 270 2627 Ingenium,
286 2549 423 2629 dulcique
435 2571 528 2611 senex
542 2550 654 2612 vicinus
671 2549 827 2632 Hymetto,
1018 2555 1077 2613 185

106 2645 169 2721 Qui
182 2665 297 2733 partem
313 2666 442 2734 acceptae
459 2675 535 2716 saeva
549 2655 624 2716 inter
638 2654 734 2718 vincla
749 2655 851 2718 cicutae

105 2753 279 2818 Accusatori
294 2757 383 2818 nollet
397 2758 479 2820 dare.
525 2759 657 2820 Plurima
672 2760 742 2820 sehx

105 2853 252 2918 Paulatim
267 2861 335 2918 vitia
350 2871 437 2938 atque
454 2879 567 2919 errores
583 2863 664 2918 exuit
678 2880 791 2934 omnes,

105 2958 207 3021 Prima
223 2961 313 3020 docet
327 2971 440 3020 rectum
457 2959 626 3041 Sapientia:
651 2962 760 3044 quippe
775 2963 877 3024 minuti

106 3063 234 3146 Semper
249 3077 278 3124 et
292 3063 397 3124 infirmi
410 3077 454 3126 est
469 3065 556 3126 animi
572 3065 729 3147 exiguique
744 3067 876 3148 voluptas
1016 3073 1076 3132 190

104 3166 195 3230 Ultio.
242 3167 391 3228 Continud
407 3169 449 3230 sio
463 3169 578 3248 collige,
596 3168 675 3249 qudd
690 3167 820 3228 vindicta

105 3271 207 3334 Nemo
222 3269 315 3352 magis
330 3271 449 3350 gaudet,
466 3269 554 3350 quem
570 3268 701 3331 foemina.
747 3271 812 3334 Cur
822 3284 921 3337 tamen
935 3275 989 3340 hos
1000 3289 1029 3338 tu

106 3372 244 3435 Evasisse
260 3387 355 3454 putee,
372 3393 445 3454 quos
461 3373 515 3434 diri
527 3375 646 3436 conscia
661 3373 730 3437 facti

105 3473 193 3540 Mens
207 3476 297 3539 habet
311 3475 454 3553 attonitos,
471 3491 500 3540 et
514 3478 603 3544 surdo
618 3480 741 3544 verbere
756 3481 851 3558 eadit,
