2532 4008
136 373 194 433 tle
456 367 489 414 n.
506 364 599 414 sunu
615 360 805 412 Juvuuams

16 499 18 612 l
130 517 230 600 Atque
245 515 368 590 habitas,
385 513 466 576 Coro
481 534 599 595 semper
613 510 757 572 tollendus
773 521 801 569 et
817 507 936 578 Austr0‚

130 620 269 682 Perditus
285 641 320 682 ac
334 619 396 681 vilis
412 617 491 682 sacci
507 630 654 678 mercator
669 613 771 675 olentis
784 635 793 690 3

129 719 191 796 Qui
206 724 318 806 gaudes
333 724 441 805 pingue
458 721 580 802 antiquae
597 720 636 780 de
651 719 745 779 littore
762 715 860 777 Cretae
1041 715 1104 772 270

129 827 268 904 Passum,
284 841 314 889 et
329 827 492 909 municipes
506 824 588 886 Jovis
603 823 758 886 advexisse
773 819 917 902 lagenas?

130 931 191 994 Hic
202 947 300 994 tamen
317 931 433 1014 ancipiti
449 932 541 1012 figens
557 928 677 1010 vestigia
692 924 790 1010 planta

127 1035 250 1098 Victum
266 1037 314 1098 illd
329 1035 470 1096 mercede
486 1047 578 1115 parat,
593 1035 787 1112 brumamque
804 1029 975 1111 famemque

128 1139 183 1202 Illa
197 1153 273 1202 reste
290 1153 393 1201 cavet:
418 1152 449 1199 tu
466 1151 584 1220 propter
600 1137 678 1197 mille
693 1135 801 1198 talenta

128 1243 170 1306 Et
184 1258 304 1306 centnm
319 1244 399 1304 villas
414 1243 596 1304 temerarius.
644 1241 775 1322 Adspice
791 1251 901 1320 portus,
1036 1240 1101 1297 275

128 1347 170 1410 Et
184 1349 305 1431 plenum
320 1348 433 1430 magnis
448 1345 577 1408 trabibus
594 1366 691 1406 mare:
715 1345 779 1426 plus
795 1343 946 1403 bominum
962 1339 1078 1424 estjam
1108 1355 1112 1364 ’

127 1451 162 1514 In
177 1453 301 1534 pelago:
326 1452 422 1512 veniet
437 1451 545 1523 classis
563 1469 739 1530 quocunque
755 1447 867 1508 voceirit

129 1555 207 1636 Spes
222 1555 304 1640 lucri,
320 1551 376 1614 ricc
392 1547 587 1634 Carpathium
601 1551 776 1632 Gaetulaque
793 1548 905 1610 tantum
993 1613 998 1622 ,

127 1657 260 1739 AEquora
275 1657 436 1730 transsiliet,
453 1655 516 1729 sed,
532 1655 617 1735 longe
634 1653 729 1736 Calpe
745 1653 856 1728 relicta,
987 1647 998 1656 '¹

108 1810 111 1820 ,
126 1760 238 1822 Audiet
253 1758 405 1820 Herculeo
421 1759 590 1821 stridentem
606 1758 718 1841 gurgite
734 1760 836 1820 solem.
1033 1761 1099 1819 280

127 1865 249 1927 Grande
265 1887 361 1948 operae
378 1867 503 1949 pretium
519 1880 571 1942 est,
587 1881 618 1928 ut
631 1882 716 1930 tenso
732 1865 798 1928 solle
814 1866 918 1928 reverti
1136 1855 1140 1862 ’

124 1967 199 2030 Ind'e
215 1969 336 2032 domum
351 1972 454 2054 possis,
469 1971 640 2054 tumideque
657 1973 799 2054 superbus
816 1969 902 2043 alutd,

120 2072 241 2136 Oceani
258 2089 385 2138 monstra
401 2091 429 2138 et
439 2077 566 2158 juvenes
581 2078 688 2138 vidisse
703 2076 842 2136 marinos.

123 2174 196 2237 Non
210 2197 285 2238 unus
300 2191 414 2238 mentes
430 2179 518 2258 agitat
533 2177 631 2238 suror:
656 2177 703 2238 ille
719 2178 824 2238 sororis

122 2275 157 2339 ln
173 2280 305 2340 manibus
321 2280 398 2340 vultu
415 2277 616 2340 Eumenidum
631 2293 755 2338 terretur
770 2293 800 2339 et
815 2277 892 2359 igni:
1032 2289 1096 2348 285

122 2377 184 2442 Hic
199 2381 275 2443 bove
290 2402 431 2463 percusso
446 2383 559 2464 mugire
575 2384 801 2464 Agamemnona
816 2383 911 2445 credit
961 2421 970 2442 2

120 2484 183 2546 Aut
196 2484 341 2547 Ithacum.
387 2485 497 2548 Pareat
512 2487 615 2548 tunicis
630 2487 699 2548 licet
715 2502 802 2570 atque
818 2487 952 2565 lacernis

121 2585 273 2649 Curatoris
289 2601 366 2669 eget,
377 2590 431 2670 qui
446 2611 550 2651 navem
567 2592 714 2654 mercibus
728 2593 829 2675 implet

119 2690 170 2752 Ad
185 2713 333 2753 summum
348 2693 432 2769 latus,
449 2708 478 2756 et
492 2695 591 2758 tabula
607 2693 789 2780 distinguitur
805 2697 905 2776 undd;

119 2793 223 2866 Quum
238 2797 273 2858 sit
287 2818 376 2862 causa
391 2800 458 2859 mali
474 2801 543 2860 tanti
559 2815 588 2860 et
604 2801 776 2862 discriminis
790 2803 876 2881 hujus
1027 2807 1095 2866 290

117 2893 281 2958 Concisum
298 2913 449 2978 argentum
465 2901 493 2957 in
510 2901 606 2960 titulos
622 2895 770 2982 faciesque
788 2903 922 2964 minutas.

118 2997 286 3061 Occurrunt
300 3001 393 3061 nubes
408 3014 438 3062 et
453 2999 575 3082 fulgura.
624 3003 733 3066 Solvite
750 3006 860 3082 funem,

116 3099 270 3163 Frumenti
286 3103 421 3166 dominus
436 3105 544 3167 clamat
559 3107 725 3189 piperisque
740 3110 870 3190 coempti
883 3133 892 3187 3

116 3203 168 3267 Nil
183 3205 263 3266 color
279 3207 325 3268 hie
341 3210 419 3282 coeli,
434 3210 473 3267 nil
489 3209 581 3269 sascia
596 3211 677 3288 nigra
692 3211 838 3289 minatur3

115 3305 261 3368 AEstivum
279 3299 367 3368 tonat.
413 3305 588 3368 lnlelixlrdc
604 3307 721 3371 forsitan
737 3311 801 3394 ipsd
1024 3325 1087 3386 295

114 3408 214 3474 Nocte
230 3409 318 3470 cadet
331 3407 430 3470 fractis
445 3411 582 3496 trabibus
599 3411 748 3498 fluctuque
764 3433 915 3498 premetur

113 3511 255 3590 Obrutus,
271 3526 301 3575 et
315 3533 420 3578 zonam
435 3513 508 3585 levia
524 3537 680 3606 morsuque
696 3521 814 3588 tenebit.
