2534 4022
131 347 174 410 04
434 347 786 402 nsuunruvnunnre

129 491 225 568 Quod
239 495 348 579 poesim
363 497 452 562 dtulis
466 498 598 563 incidere
613 513 720 584 preter
732 500 872 578 honores,

129 597 218 674 Quos
231 600 286 665 illis
300 601 407 667 damus
421 617 451 667 et
463 604 614 682 dedimus,
631 605 737 688 quibus
751 604 852 668 omnin
868 603 973 669 debes.
1060 611 1105 672 to
1195 617 1202 640 ¹

172 702 249 770 Haec
264 705 333 770 satis
348 709 386 772 nd
393 709 548 796 juvenem,
563 731 654 794 quem
669 709 753 779 uobis
766 707 1017 793 lamesuperbutn

127 807 244 887 Tradit,
259 825 290 875 et
303 811 446 892 inflatum,
461 816 642 900 plenumque
656 813 779 878 Nerone
791 813 967 899 propinquo.

127 913 228 980 Rarus
242 917 321 980 euim
336 919 431 982 ferme
447 941 551 986 sensus
565 920 731 985 communis
745 920 774 982 in
789 918 839 982 illd

127 1021 271 1088 Fortuni.
316 1023 379 1088 Sed
394 1041 424 1088 te
438 1027 555 1092 censeri
569 1028 659 1092 laude
672 1039 802 1101 tuorum,

127 1127 264 1207 Pontice,
279 1129 435 1206 noluerim,
451 1131 494 1196 sic
508 1145 541 1195 ut
555 1132 625 1195 nihil
639 1133 704 1215 ipse
719 1129 822 1194 luturae
1059 1131 1102 1190 75

127 1235 242 1299 Laudis
256 1257 337 1320 eges.
381 1235 527 1300 Miserum
542 1249 587 1300 eet
601 1237 724 1300 aliorum
738 1235 911 1300 incumbere
925 1231 1022 1310 seme,

127 1339 178 1403 Ne
193 1340 321 1426 collapsa
337 1355 423 1405 ruent
436 1341 589 1406 subductis
603 1353 683 1404 tecte
696 1339 852 1404 columnis.

129 1444 244 1509 Stratus
258 1446 339 1508 humi
356 1447 470 1530 palmes
483 1447 587 1511 viduas
602 1445 753 1510 desideret
766 1445 872 1510 ulmos.

127 1548 203 1612 Esto
218 1551 313 1614 bonus
327 1551 422 1626 miles,
437 1563 517 1613 tutor
528 1551 634 1624 bonus,
650 1550 757 1612 arbiter
771 1547 852 1611 idem

126 1653 255 1736 integer.
300 1654 492 1738 Ambiguaesi
508 1654 626 1737 quando
641 1643 770 1717 citabere
785 1652 867 1716 testis
1060 1655 1103 1714 80

126 1757 309 1842 lncertaeque
325 1758 389 1838 rei3
411 1757 547 1822 Phalaris
560 1758 630 1822 licet
643 1759 780 1843 imperet,
795 1771 828 1821 ut
841 1755 882 1822 sis

129 1861 247 1939 Falsus,
263 1877 293 1926 et
307 1862 428 1926 admoto
443 1863 535 1927 dictet
548 1863 676 1949 perjuria
690 1877 785 1940 tauro,

130 1965 290 2030 Summum
304 1968 396 2030 crede
410 1967 494 2032 neses
509 1967 638 2032 animem
652 1968 790 2052 preferre
804 1967 919 2052 pudori,

129 2070 171 2135 Et
185 2087 304 2156 propter
317 2073 408 2138 ritum
422 2074 540 2140 vivendi
554 2075 682 2159 perdere
697 2095 814 2138 causas.

129 2171 246 2260 Dignus
260 2191 354 2241 morte
369 2180 454 2264 perit,
470 2192 569 2242 ooeuet
582 2179 654 2241 lieet
667 2192 766 2240 ostrea
779 2191 900 2240 centum
1059 2179 1103 2238 Θό

131 2280 282 2361 Gaurana,
297 2297 328 2346 et
342 2283 447 2347 Cosmi
461 2297 523 2346 toto
536 2295 686 2364 mergatur
700 2284 788 2343 nie'no.

130 2383 316 2471 Exspectata
330 2387 381 2450 diu
395 2388 515 2450 tandem
531 2385 680 2468 provincia
695 2405 787 2468 quum
801 2396 832 2465 te

130 2489 294 2556 Rectorem
310 2492 445 2575 accipiet,
460 2512 539 2574 pone
554 2490 603 2553 irae
618 2487 708 2552 sraena
722 2480 916 2572 modumque,

130 2595 216 2658 Pone
231 2610 262 2658 et
276 2596 423 2673 avaritiae3
445 2593 585 2656 miserere
600 2595 722 2679 inopum
736 2593 895 2659 sociorum.

131 2697 210 2762 Osse
223 2700 307 2763 vides
320 2720 425 2783 regum
440 2699 541 2763 vacuis
557 2714 681 2779 exsucta
696 2701 843 2764 medullis.
1061 2705 1105 2765 90

129 2803 274 2888 Respice,
289 2805 357 2889 quid
375 2819 514 2870 moneant
527 2805 619 2889 leges,
635 2805 706 2888 quid
720 2807 802 2868 curia
815 2806 947 2880 mandet,

130 2908 260 2972 Proemia
271 2923 382 2993 quanta
396 2911 489 2972 bonos
504 2923 651 2984 maneant,
666 2909 755 2991 quium
770 2906 891 2971 fulmine
900 2907 981 2994 justo

130 3013 173 3077 Et
187 3013 296 3098 Capito
311 3027 341 3076 et
355 3013 494 3078 Numitor
508 3013 628 3089 ruerint,
643 3013 801 3077 damnante
816 3026 930 3091 senatu,

131 3118 238 3184 Pirene
254 3118 394 3184 Cilicum.
440 3117 503 3182 Sed
518 3119 586 3206 quid
603 3119 752 3182 damnatio
764 3117 889 3198 confert,

132 3222 237 3298 Quum
251 3223 351 3289 Pansa
367 3225 480 3306 eripiat,
496 3223 637 3306 quidquid
652 3223 703 3284 tibi
718 3222 810 3286 Natta
822 3221 961 3306 reliquit?
1062 3229 1104 3290 95

131 3329 318 3405 Praeconem,
333 3326 509 3410 Choerippe,
524 3325 580 3388 tuis
594 3325 790 3409 circumspice
805 3327 917 3411 pannis,

130 3435 259 3519 Jamque
273 3446 351 3498 tace.
396 3429 494 3494 Furor
508 3444 563 3507 est,
578 3445 646 3514 post
658 3432 759 3494 omnia
772 3433 900 3515 perdere
913 3435 1047 3506 naulum.

134 3537 204 3602 Non
219 3538 300 3629 idem
315 3536 443 3622 gemitus
457 3536 537 3612 olim,
552 3556 650 3623 neque
665 3537 769 3605 vulnus
783 3551 846 3602 eret
860 3559 914 3626 per
1126 3535 1129 3542 ’
