2534 4022
481 384 485 388 “
591 382 711 431 SATIRA
728 379 762 430 11.

196 532 370 595 Montanum
386 531 486 616 positis
502 531 616 593 audiret
629 530 733 611 vulgus
747 526 858 588 aratris.

196 635 278 708 Quid
294 657 351 698 non
367 637 543 718 proclames,
560 635 587 694 in
603 653 728 715 corpore
738 631 848 715 judicis
863 629 917 691 ista

196 740 228 801 Si
243 739 370 803 videas?
415 738 536 814 Quaero,
553 759 589 799 aa
606 737 733 799 deceant
747 734 876 796 multicia
891 730 1022 794 testem?

192 845 284 918 Acer,
301 858 331 906 et
344 843 511 918 indomitus,
527 841 723 923 libertatisque
738 839 886 920 magister,
1125 835 1167 894 60

192 947 323 1022 Cretice,
339 948 486 1030 perluces.
532 946 625 1007 Dedit
639 946 715 1008 hanc
730 943 866 1026 contagio
886 941 995 1015 labem,

191 1050 233 1113 Et
248 1052 329 1114 dabit
343 1053 370 1112 in
386 1053 507 1134 plures3
529 1051 604 1114 sicut
618 1071 692 1132 grex
707 1061 784 1112 totus
795 1050 823 1110 in
839 1045 916 1130 agris

189 1153 286 1217 Unius
301 1156 400 1218 scabie
415 1156 496 1218 cadit
507 1169 537 1217 et
552 1155 697 1237 porrigine
713 1153 805 1236 porci,

189 1258 316 1342 Uvaque
331 1259 491 1343 conspectis
505 1261 627 1322 livorem
642 1259 723 1320 ducit
738 1260 775 1321 ab
793 1257 861 1318 urb.

232 1363 358 1426 Foedius
372 1365 429 1426 hoc
445 1364 552 1446 aliquid
569 1363 745 1445 quandoque
762 1363 885 1423 audebis
900 1361 1020 1423 amictu.
1119 1363 1160 1422 65

188 1466 290 1528 Nemo
304 1467 427 1549 repentis
442 1467 521 1528 venit
535 1465 728 1548 turpissimus.
774 1465 932 1547 Accipient
945 1479 975 1528 te

187 1569 344 1645 Paulatim,
361 1569 409 1652 qui
424 1571 510 1651 longa
526 1569 605 1631 domi
621 1568 794 1630 redimicula
809 1582 928 1630 sumunt

186 1673 354 1750 Frontibus,
370 1687 400 1736 et
413 1685 474 1736 toto
489 1673 614 1756 posubre
630 1671 747 1734 monilia
762 1673 849 1748 collo,

183 1778 282 1861 Atque
298 1778 416 1840 Bonam
431 1791 537 1840 tenerae
553 1778 671 1860 placant
685 1777 842 1841 abdomine
857 1799 965 1861 porcae,

184 1879 226 1944 Et
240 1903 347 1964 magno
362 1895 486 1958 cratere,
502 1882 614 1944 Deam.
660 1881 721 1944 Sed
735 1903 818 1943 more
833 1873 947 1944 sinistro

183 1983 342 2066 Exagitata
356 1986 459 2068 procul
473 2007 531 2047 non
547 1986 632 2048 intrat
646 1983 767 2048 soemina
781 1986 881 2046 limen.

182 2088 260 2150 Solis
276 2108 326 2150 ara
341 2089 416 2150 Deae
433 2088 562 2149 maribus
577 2099 667 2170 patet.
711 2088 756 2148 Ite
771 2085 920 2168 profane!

180 2189 356 2253 Clamatur:
377 2192 457 2253 nullo
472 2192 563 2274 gemit
577 2191 626 2254 hic
640 2189 757 2254 tibicina
772 2211 875 2253 cornu.

177 2295 265 2358 Talia
279 2295 395 2359 secretis
408 2296 562 2358 coluerunt
581 2293 674 2378 Orgia
687 2294 764 2358 taedit

177 2394 357 2482 Cecropiam
372 2397 446 2462 s'oliti
461 2400 566 2482 Baptae
581 2401 690 2463 lassare
706 2400 838 2483 Cotytto.

176 2500 229 2562 Ille
244 2503 433 2584 supercilium
448 2502 570 2565 madidis
584 2503 702 2586 fuligine
717 2519 828 2567 tactum

175 2605 307 2686 obliqua
319 2607 455 2688 producit
469 2629 536 2682 acu,
552 2609 700 2692 pingitque
714 2622 873 2672 trementes

174 2708 320 2770 Attollens
335 2709 457 2770 oculos:
480 2711 572 2771 vitreo
587 2711 659 2772 bibit
672 2713 720 2774 ille
736 2714 856 2794 Priapo,

174 2811 405 2893 Reticulumque
421 2813 514 2874 comis
530 2828 663 2875 auratum
684 2813 848 2895 ingentibus
862 2817 973 2898 implet,

172 2913 309 2976 Caerulea
324 2916 442 2978 indutus
457 2917 611 2992 scutulata,
627 2929 675 2980 aut
692 2919 816 3000 galbana
830 2941 906 2996 rasa,
1014 2993 1016 2998 ¹

171 3017 213 3080 Et
227 3040 281 3100 per
294 3018 444 3080 Junonem
459 3019 570 3080 domini
579 3020 697 3103 jurante
712 3023 853 3084 ministro.

169 3121 222 3182 llle
238 3137 318 3184 tenet
326 3121 490 3204 speculum,
506 3123 614 3205 pathici
631 3137 781 3205 gestamen
798 3125 935 3201 Othonis,

169 3225 287 3287 Actoris
303 3226 433 3288 Aurunci
449 3227 585 3309 spolium,
601 3247 659 3310 quo
674 3247 706 3289 se
722 3227 769 3288 ille
785 3228 903 3291 videbat

169 3326 334 3404 Armorum,
351 3349 441 3410 quum
450 3330 514 3413 jam
532 3331 589 3392 tolli
604 3331 711 3394 vexilla
721 3331 850 3414 juberet.

168 3430 234 3494 Res
245 3435 435 3495 memoranda
450 3435 533 3498 novis
548 3436 709 3512 annalibus,
723 3449 810 3518 atque
824 3439 935 3501 recenti

167 3531 307 3613 Historiai,
323 3537 475 3620 speculum
492 3539 583 3604 civilis
597 3541 712 3604 sarcina
726 3540 804 3604 belli.
841 3597 844 3604 .
