2532 4008
112 331 155 400 82
426 333 776 386 o.sunn1tursrtmrs

112 477 283 548 Cannarum
298 483 418 558 vindex,
433 503 473 548 ac
483 483 555 546 tanti
565 483 714 566 sanguinis
726 483 812 558 ultor,
1024 482 1092 542 lt'rS

111 586 257 648 Annulua.
301 585 328 662 1,
342 587 478 662 demens,
492 600 523 650 et
536 607 628 650 saevas
638 607 725 649 curre
738 607 794 669 per
809 585 912 668 Alpes,

111 687 155 751 Ut
168 690 268 773 pueris
282 689 411 772 placeas,
425 703 456 753 et
469 691 646 781 declamatio
659 690 734 754 fias!

112 791 198 856 Unus
212 791 325 856 Pellaeo
334 794 437 878 juveni
451 817 510 858 noo
524 795 631 858 sufficit
644 795 743 858 orbis:

112 895 230 959 AEstuat
243 895 344 960 infelix
360 912 483 982 angusto
496 899 586 962 limite
600 899 714 974 mundi,

112 997 156 1064 Ut
170 999 278 1083 Gyarae
293 1002 411 1066 clausus
421 1003 559 1085 scopulis,
573 1002 723 1086 parvdque
740 1002 877 1086 Seripho.
1025 1005 1088 1064 170

113 1101 218 1176 Quum
232 1117 331 1168 tamen
346 1127 365 1168 a
379 1107 476 1188 figulis
488 1107 630 1168 munitam
645 1107 793 1170 intraverit
806 1108 921 1184 urbem,

113 1205 305 1292 Sereophago
320 1222 476 1274 contentus
489 1211 553 1274 erit.
599 1209 683 1274 Mors
697 1212 760 1276 sola
774 1210 890 1287 fatetur,

113 1307 265 1384 Quantula
278 1312 334 1374 sint
347 1313 500 1376 hominurn
515 1315 701 1398 corpuscula.
746 1314 888 1378 Creditur
901 1315 972 1379 olim

112 1411 286 1478 Velilicatus
301 1416 406 1492 Athos,
421 1431 452 1480 et
466 1418 615 1501 quidquid
624 1419 744 1483 Grecia
756 1420 889 1482 mendax

113 1517 215 1580 Audet
229 1519 258 1580 in
272 1519 412 1581 historiis:
434 1534 613 1584 constratum
628 1524 770 1586 classibus
787 1524 894 1601 isdem,
1026 1529 1090 1586 175·

116 1619 368 1704 Suppositunique
381 1623 452 1685 rotis
467 1624 592 1688 solidum
607 1629 712 1688 mare:
734 1627 885 1692 oredimus
900 1628 974 1692 altos

115 1721 274 1787 Defeoisse
289 1746 402 1800 amnes,
416 1731 563 1810 epotaque
577 1728 699 1794 flumina
713 1729 809 1794 Medo

11 1915 12 1918 Ἴ
115 1823 297 1906 Prandente,
312 1841 343 1892 et
356 1829 482 1894 madidis
496 1845 595 1896 cantat
609 1855 675 1918 quae
690 1834 840 1900 Sostratus
853 1835 917 1898 alis.

116 1929 169 2000 Ille
184 1945 285 2001 tamen
299 1935 393 2022 queis
405 1936 492 2004 rediit
507 1937 658 2004 Salamine
676 1940 789 2018 relicte,

116 2039 152 2104 In
166 2039 283 2106 Corum
297 2039 385 2126 atqu'e
400 2040 518 2108 Ermum
532 2043 633 2110 solitm
647 2047 749 2110 sevire
764 2043 889 2128 flagellis
1028 2045 1099 2106 180ΙΙ

117 2142 278 2220 Barbarus,
293 2147 394 2210 AEolio
408 2169 558 2232 uunquam
573 2148 674 2210 hocin
689 2151 811 2211 carcere
826 2169 939 2230 passos,

117 2246 219 2331 Ipsum
233 2247 427 2334 compedibus
442 2252 491 2334 qui
505 2252 640 2314 vinxerat
653 2249 892 2330 Ennosigeum?

118 2348 221 2414 Mitius
235 2353 266 2415 id
280 2353 362 2429 sane,
377 2354 458 2436 quod
472 2373 530 2414 non
546 2366 577 2414 et
591 2353 725 2434 stigmate
741 2353 864 2433 dignum

119 2451 265 2518 Credidit.
310 2455 392 2518 Huic
407 2456 562 2538 quisquam
575 2455 664 2518 vellet
678 2457 786 2518 servire
802 2455 952 2521 deorum?

121 2556 186 2620 Sed
200 2559 292 2639 qualis
306 2557 416 2619 rediit?
438 2579 548 2639 nempe
564 2557 624 2622 unt
636 2581 723 2636 nave,
738 2561 869 2624 eruentis
1031 2566 1093 2624 185

121 2658 285 2737 Fluctibus,
300 2682 336 2724 ac
351 2659 438 2724 tardd
451 2681 505 2746 per
520 2663 612 2728 densa
627 2663 775 2729 cadavera
789 2665 888 2750 prord.

121 2762 188 2829 Has
200 2766 287 2829 toties
302 2779 401 2850 optata
416 2768 516 2851 exegit
531 2767 622 2852 gloria
636 2767 751 2853 peenas.

165 2868 216 2930 Da
230 2871 356 2952 spatium
370 2872 445 2946 vite,
462 2873 569 2934 multos
584 2873 632 2946 da,
647 2873 772 2953 Jupiter,
788 2874 900 2935 annos!

123 2969 194 3034 Hoc
208 2986 291 3036 recto
306 2973 384 3036 voltu
400 2974 505 3050 solum,
521 2974 578 3036 hoc
595 2988 625 3038 et
639 2976 764 3058 pallidus
778 2990 872 3061 optas.

124 3074 188 3138 Sed
203 3076 292 3159 qudm
307 3077 452 3144 continuis
466 3092 498 3142 et
511 3080 626 3165 quantis
639 3081 727 3165 longa
741 3095 879 3146 senectus
1039 3085 1098 3146 190

123 3179 220 3242 Plena
233 3183 317 3244 malis
331 3183 338 3244 l
362 3181 529 3270 delprmem
543 3198 575 3246 et
585 3199 695 3246 tetrum
710 3197 777 3246 ante
792 3170 892 3247 omnia
905 3185 1018 3248 vultum

124 3283 366 3368 Dissimilemqne
381 3286 435 3360 sui,
450 3285 617 3347 deformem
631 3307 685 3368 pro
699 3300 768 3350 cute
782 3287 901 3371 pellem,
1014 3269 1027 3294 ’

125 3386 355 3470 Pendentesque
370 3408 472 3470 genas,
487 3401 518 3452 et
532 3389 606 3452 tales
620 3391 742 3475 adspice
757 3413 855 3475 rugas,

13 3495 14 3563 l
126 3491 250 3568 Quales,
266 3489 441 3556 umbriferos
460 3491 510 3558 ubi
525 3495 626 3576 pandit
638 3495 779 3562 Tabraca
792 3499 891 3574 saltus,
