<?xml version="1.0" encoding="UTF-8"?>
<!DOCTYPE html PUBLIC "-//W3C//DTD XHTML 1.0 Transitional//EN"
    "http://www.w3.org/TR/xhtml1/DTD/xhtml1-transitional.dtd">
<html xmlns="http://www.w3.org/1999/xhtml" xml:lang="en" lang="en">
 <head>
  <title>
</title>
<meta http-equiv="Content-Type" content="text/html;charset=utf-8" />
  <meta name='ocr-system' content='tesseract 3.04.00' />
  <meta name='ocr-capabilities' content='ocr_page ocr_carea ocr_par ocr_line ocrx_word'/>
</head>
<body>
  <div class='ocr_page' id='page_1' title='image "./djuniijuvenalis09juvegoog_0048.png"; bbox 0 0 2534 4022; ppageno 0'>
   <div class='ocr_carea' id='block_1_1' title="bbox 588 319 1258 406">
    <p class='ocr_par' dir='ltr' id='par_1_1' title="bbox 588 319 1258 406">
     <span class='ocr_line' id='line_1_1' title="bbox 588 319 1258 406; baseline -0.006 -10"><span class='ocrx_word' id='word_1_1' title='bbox 588 343 710 396; x_wconf 72' lang='lat' dir='ltr'>sumn</span> <span class='ocrx_word' id='word_1_2' title='bbox 725 345 770 394; x_wconf 84' lang='lat' dir='ltr'>vl.</span> <span class='ocrx_word' id='word_1_3' title='bbox 1124 351 1163 406; x_wconf 84' lang='lat'>41</span> <span class='ocrx_word' id='word_1_4' title='bbox 1257 319 1258 374; x_wconf 71' lang='grc' dir='ltr'>Ϊ</span> 
     </span>
    </p>
   </div>
   <div class='ocr_carea' id='block_1_2' title="bbox 91 475 1258 3516">
    <p class='ocr_par' dir='ltr' id='par_1_2' title="bbox 91 475 1258 3516">
     <span class='ocr_line' id='line_1_2' title="bbox 230 475 1258 578; baseline -0.009 -18"><span class='ocrx_word' id='word_1_5' title='bbox 230 497 321 562; x_wconf 89' lang='lat' dir='ltr'>Nulla</span> <span class='ocrx_word' id='word_1_6' title='bbox 336 495 398 560; x_wconf 71' lang='lat' dir='ltr'>fere</span> <span class='ocrx_word' id='word_1_7' title='bbox 414 509 575 572; x_wconf 81' lang='lat' dir='ltr'>causa-est,</span> <span class='ocrx_word' id='word_1_8' title='bbox 591 495 620 557; x_wconf 89' lang='lat' dir='ltr'>in</span> <span class='ocrx_word' id='word_1_9' title='bbox 637 494 696 578; x_wconf 76' lang='lat' dir='ltr'>quir</span> <span class='ocrx_word' id='word_1_10' title='bbox 710 515 768 558; x_wconf 89' lang='lat' dir='ltr'>non</span> <span class='ocrx_word' id='word_1_11' title='bbox 783 489 904 556; x_wconf 80' lang='lat' dir='ltr'>loemiaa</span> <span class='ocrx_word' id='word_1_12' title='bbox 919 491 1000 555; x_wconf 86' lang='lat' dir='ltr'>litem</span> <span class='ocrx_word' id='word_1_13' title='bbox 1102 494 1160 552; x_wconf 80' lang='lat'>195</span> <span class='ocrx_word' id='word_1_14' title='bbox 1257 475 1258 536; x_wconf 59' lang='grc' dir='ltr'><strong>Ᾰ</strong></span> 
     </span>
     <span class='ocr_line' id='line_1_3' title="bbox 186 600 901 675; baseline -0.008 -11"><span class='ocrx_word' id='word_1_15' title='bbox 186 601 324 665; x_wconf 90' lang='lat' dir='ltr'>Moverit.</span> <span class='ocrx_word' id='word_1_16' title='bbox 370 603 505 666; x_wconf 88' lang='lat' dir='ltr'>Accusat</span> <span class='ocrx_word' id='word_1_17' title='bbox 519 600 651 675; x_wconf 83' lang='lat' dir='ltr'>Manilia,</span> <span class='ocrx_word' id='word_1_18' title='bbox 667 601 689 662; x_wconf 87' lang='lat' dir='ltr'>si</span> <span class='ocrx_word' id='word_1_19' title='bbox 704 621 756 661; x_wconf 87' lang='lat' dir='ltr'>rea</span> <span class='ocrx_word' id='word_1_20' title='bbox 771 615 830 662; x_wconf 88' lang='lat' dir='ltr'>uon</span> <span class='ocrx_word' id='word_1_21' title='bbox 845 611 901 660; x_wconf 90' lang='lat' dir='ltr'>est.</span> 
     </span>
     <span class='ocr_line' id='line_1_4' title="bbox 187 694 917 790; baseline -0.005 -22"><span class='ocrx_word' id='word_1_22' title='bbox 187 704 380 790; x_wconf 89' lang='lat' dir='ltr'>Compouunt</span> <span class='ocrx_word' id='word_1_23' title='bbox 394 707 463 790; x_wconf 80' lang='lat' dir='ltr'>ipsae</span> <span class='ocrx_word' id='word_1_24' title='bbox 477 725 532 788; x_wconf 86' lang='lat' dir='ltr'>per</span> <span class='ocrx_word' id='word_1_25' title='bbox 546 725 578 768; x_wconf 88' lang='lat' dir='ltr'>se</span> <span class='ocrx_word' id='word_1_26' title='bbox 595 694 917 786; x_wconf 59' lang='lat' dir='ltr'>formantque&#39;libellos,</span> 
     </span>
     <span class='ocr_line' id='line_1_5' title="bbox 187 807 940 894; baseline -0.004 -22"><span class='ocrx_word' id='word_1_27' title='bbox 187 808 371 894; x_wconf 90' lang='lat' dir='ltr'>Principium</span> <span class='ocrx_word' id='word_1_28' title='bbox 384 824 474 893; x_wconf 89' lang='lat' dir='ltr'>atque</span> <span class='ocrx_word' id='word_1_29' title='bbox 488 811 571 872; x_wconf 86' lang='lat' dir='ltr'>locos</span> <span class='ocrx_word' id='word_1_30' title='bbox 586 807 679 871; x_wconf 89' lang='lat' dir='ltr'>Celso</span> <span class='ocrx_word' id='word_1_31' title='bbox 694 807 806 870; x_wconf 87' lang='lat' dir='ltr'>dictare</span> <span class='ocrx_word' id='word_1_32' title='bbox 821 821 940 890; x_wconf 82' lang='lat' dir='ltr'>paratae.</span> 
     </span>
     <span class='ocr_line' id='line_1_6' title="bbox 232 911 927 997; baseline -0.003 -21"><span class='ocrx_word' id='word_1_33' title='bbox 232 913 433 976; x_wconf 86' lang='lat' dir='ltr'>Endromidas</span> <span class='ocrx_word' id='word_1_34' title='bbox 447 913 557 997; x_wconf 88' lang='lat' dir='ltr'>Tyrias</span> <span class='ocrx_word' id='word_1_35' title='bbox 571 927 601 976; x_wconf 89' lang='lat' dir='ltr'>et</span> <span class='ocrx_word' id='word_1_36' title='bbox 615 911 789 976; x_wconf 86' lang='lat' dir='ltr'>foemineum</span> <span class='ocrx_word' id='word_1_37' title='bbox 805 933 927 976; x_wconf 86' lang='lat' dir='ltr'>ceroma</span> 
     </span>
     <span class='ocr_line' id='line_1_7' title="bbox 187 1017 1164 1102; baseline -0.006 -22"><span class='ocrx_word' id='word_1_38' title='bbox 187 1017 267 1092; x_wconf 81' lang='lat' dir='ltr'>Quis</span> <span class='ocrx_word' id='word_1_39' title='bbox 281 1019 397 1083; x_wconf 83' lang='lat' dir='ltr'>nescit?</span> <span class='ocrx_word' id='word_1_40' title='bbox 420 1019 465 1082; x_wconf 88' lang='lat' dir='ltr'>vel</span> <span class='ocrx_word' id='word_1_41' title='bbox 481 1019 546 1102; x_wconf 85' lang='lat' dir='ltr'>quis</span> <span class='ocrx_word' id='word_1_42' title='bbox 561 1039 620 1082; x_wconf 87' lang='lat' dir='ltr'>non</span> <span class='ocrx_word' id='word_1_43' title='bbox 634 1018 706 1080; x_wconf 87' lang='lat' dir='ltr'>vidit</span> <span class='ocrx_word' id='word_1_44' title='bbox 721 1019 842 1080; x_wconf 87' lang='lat' dir='ltr'>vulnera</span> <span class='ocrx_word' id='word_1_45' title='bbox 857 1017 938 1100; x_wconf 84' lang='lat' dir='ltr'>pali?</span> <span class='ocrx_word' id='word_1_46' title='bbox 1100 1019 1164 1075; x_wconf 67' lang='lat'>200</span> 
     </span>
     <span class='ocr_line' id='line_1_8' title="bbox 188 1121 978 1206; baseline -0.001 -21"><span class='ocrx_word' id='word_1_47' title='bbox 188 1121 292 1198; x_wconf 81' lang='lat' dir='ltr'>Quem</span> <span class='ocrx_word' id='word_1_48' title='bbox 307 1136 393 1186; x_wconf 88' lang='lat' dir='ltr'>cavat</span> <span class='ocrx_word' id='word_1_49' title='bbox 407 1124 530 1188; x_wconf 83' lang='lat' dir='ltr'>assiduis</span> <span class='ocrx_word' id='word_1_50' title='bbox 545 1124 676 1199; x_wconf 84' lang='lat' dir='ltr'>sudibus,</span> <span class='ocrx_word' id='word_1_51' title='bbox 692 1135 836 1206; x_wconf 87' lang='lat' dir='ltr'>scutoque</span> <span class='ocrx_word' id='word_1_52' title='bbox 851 1123 978 1200; x_wconf 86' lang='lat' dir='ltr'>lacessit,</span> 
     </span>
     <span class='ocr_line' id='line_1_9' title="bbox 188 1228 1005 1312; baseline 0 -22"><span class='ocrx_word' id='word_1_53' title='bbox 188 1228 288 1311; x_wconf 86' lang='lat' dir='ltr'>Atque</span> <span class='ocrx_word' id='word_1_54' title='bbox 303 1249 407 1292; x_wconf 91' lang='lat' dir='ltr'>omnes</span> <span class='ocrx_word' id='word_1_55' title='bbox 421 1229 524 1312; x_wconf 83' lang='lat' dir='ltr'>implet</span> <span class='ocrx_word' id='word_1_56' title='bbox 537 1249 687 1304; x_wconf 88' lang='lat' dir='ltr'>numeros,</span> <span class='ocrx_word' id='word_1_57' title='bbox 703 1229 871 1310; x_wconf 85' lang='lat' dir='ltr'>dignissima</span> <span class='ocrx_word' id='word_1_58' title='bbox 886 1249 1005 1312; x_wconf 86' lang='lat' dir='ltr'>prorsus</span> 
     </span>
     <span class='ocr_line' id='line_1_10' title="bbox 189 1329 861 1414; baseline 0.003 -22"><span class='ocrx_word' id='word_1_59' title='bbox 189 1329 300 1394; x_wconf 82' lang='lat' dir='ltr'>Florali</span> <span class='ocrx_word' id='word_1_60' title='bbox 315 1347 449 1395; x_wconf 88' lang='lat' dir='ltr'>matrona</span> <span class='ocrx_word' id='word_1_61' title='bbox 462 1332 553 1410; x_wconf 77' lang='lat' dir='ltr'>tubt3</span> <span class='ocrx_word' id='word_1_62' title='bbox 574 1333 629 1395; x_wconf 90' lang='lat' dir='ltr'>uisi</span> <span class='ocrx_word' id='word_1_63' title='bbox 644 1333 668 1394; x_wconf 90' lang='lat' dir='ltr'>si</span> <span class='ocrx_word' id='word_1_64' title='bbox 683 1333 753 1414; x_wconf 90' lang='lat' dir='ltr'>quid</span> <span class='ocrx_word' id='word_1_65' title='bbox 769 1333 797 1394; x_wconf 88' lang='lat' dir='ltr'>in</span> <span class='ocrx_word' id='word_1_66' title='bbox 813 1333 861 1394; x_wconf 87' lang='lat' dir='ltr'>illo</span> 
     </span>
     <span class='ocr_line' id='line_1_11' title="bbox 189 1433 923 1518; baseline -0.001 -22"><span class='ocrx_word' id='word_1_67' title='bbox 189 1433 321 1498; x_wconf 85' lang='lat' dir='ltr'>Pectore</span> <span class='ocrx_word' id='word_1_68' title='bbox 336 1436 400 1518; x_wconf 88' lang='lat' dir='ltr'>plus</span> <span class='ocrx_word' id='word_1_69' title='bbox 415 1437 513 1518; x_wconf 85' lang='lat' dir='ltr'>agitat,</span> <span class='ocrx_word' id='word_1_70' title='bbox 527 1454 668 1518; x_wconf 81' lang='lat' dir='ltr'>veraeque</span> <span class='ocrx_word' id='word_1_71' title='bbox 683 1448 801 1518; x_wconf 86' lang='lat' dir='ltr'>paratur</span> <span class='ocrx_word' id='word_1_72' title='bbox 817 1457 923 1497; x_wconf 78' lang='lat' dir='ltr'>arena.</span> 
     </span>
     <span class='ocr_line' id='line_1_12' title="bbox 188 1538 1160 1623; baseline -0.002 -21"><span class='ocrx_word' id='word_1_73' title='bbox 188 1538 292 1612; x_wconf 83' lang='lat' dir='ltr'>Quem</span> <span class='ocrx_word' id='word_1_74' title='bbox 306 1553 444 1623; x_wconf 80' lang='lat' dir='ltr'>prestare</span> <span class='ocrx_word' id='word_1_75' title='bbox 459 1553 555 1622; x_wconf 88' lang='lat' dir='ltr'>potest</span> <span class='ocrx_word' id='word_1_76' title='bbox 569 1539 673 1602; x_wconf 90' lang='lat' dir='ltr'>mulier</span> <span class='ocrx_word' id='word_1_77' title='bbox 687 1540 802 1622; x_wconf 79' lang='lat' dir='ltr'>galeata</span> <span class='ocrx_word' id='word_1_78' title='bbox 818 1540 973 1622; x_wconf 89' lang='lat' dir='ltr'>pudorem,</span> <span class='ocrx_word' id='word_1_79' title='bbox 1097 1545 1160 1600; x_wconf 67' lang='lat'>205</span> 
     </span>
     <span class='ocr_line' id='line_1_13' title="bbox 189 1642 1019 1729; baseline 0.001 -23"><span class='ocrx_word' id='word_1_80' title='bbox 189 1642 266 1718; x_wconf 83' lang='lat' dir='ltr'>Quae</span> <span class='ocrx_word' id='word_1_81' title='bbox 282 1643 387 1728; x_wconf 80' lang='lat' dir='ltr'>sagita</span> <span class='ocrx_word' id='word_1_82' title='bbox 402 1643 501 1708; x_wconf 83' lang='lat' dir='ltr'>sexu?</span> <span class='ocrx_word' id='word_1_83' title='bbox 523 1645 601 1708; x_wconf 85' lang='lat' dir='ltr'>vires</span> <span class='ocrx_word' id='word_1_84' title='bbox 616 1659 704 1708; x_wconf 88' lang='lat' dir='ltr'>amat.</span> <span class='ocrx_word' id='word_1_85' title='bbox 749 1644 826 1708; x_wconf 85' lang='lat' dir='ltr'>Haec</span> <span class='ocrx_word' id='word_1_86' title='bbox 841 1659 940 1708; x_wconf 87' lang='lat' dir='ltr'>tamen</span> <span class='ocrx_word' id='word_1_87' title='bbox 950 1646 1019 1729; x_wconf 90' lang='lat' dir='ltr'>ipsa</span> 
     </span>
     <span class='ocr_line' id='line_1_14' title="bbox 187 1746 972 1832; baseline 0.004 -23"><span class='ocrx_word' id='word_1_88' title='bbox 187 1746 242 1810; x_wconf 92' lang='lat' dir='ltr'>Vir</span> <span class='ocrx_word' id='word_1_89' title='bbox 256 1750 346 1811; x_wconf 90' lang='lat' dir='ltr'>nollet</span> <span class='ocrx_word' id='word_1_90' title='bbox 359 1749 444 1828; x_wconf 83' lang='lat' dir='ltr'>ficri3</span> <span class='ocrx_word' id='word_1_91' title='bbox 467 1770 535 1812; x_wconf 89' lang='lat' dir='ltr'>nam</span> <span class='ocrx_word' id='word_1_92' title='bbox 551 1751 689 1832; x_wconf 86' lang='lat' dir='ltr'>quantula</span> <span class='ocrx_word' id='word_1_93' title='bbox 704 1764 802 1812; x_wconf 90' lang='lat' dir='ltr'>nostra</span> <span class='ocrx_word' id='word_1_94' title='bbox 817 1749 972 1832; x_wconf 84' lang='lat' dir='ltr'>voluptas?</span> 
     </span>
     <span class='ocr_line' id='line_1_15' title="bbox 188 1845 978 1938; baseline 0 -22"><span class='ocrx_word' id='word_1_95' title='bbox 188 1852 286 1927; x_wconf 81' lang='lat' dir='ltr'>Quale</span> <span class='ocrx_word' id='word_1_96' title='bbox 302 1855 395 1918; x_wconf 89' lang='lat' dir='ltr'>decus</span> <span class='ocrx_word' id='word_1_97' title='bbox 409 1875 518 1930; x_wconf 90' lang='lat' dir='ltr'>rerum,</span> <span class='ocrx_word' id='word_1_98' title='bbox 534 1855 557 1916; x_wconf 89' lang='lat' dir='ltr'>si</span> <span class='ocrx_word' id='word_1_99' title='bbox 572 1854 703 1938; x_wconf 81' lang='lat' dir='ltr'>conjugis</span> <span class='ocrx_word' id='word_1_100' title='bbox 718 1845 902 1916; x_wconf 55' lang='lat' dir='ltr'>auctio&#39;fiat?</span> <span class='ocrx_word' id='word_1_101' title='bbox 975 1895 978 1902; x_wconf 80' lang='lat'>,</span> 
     </span>
     <span class='ocr_line' id='line_1_16' title="bbox 188 1957 968 2040; baseline -0.001 -20"><span class='ocrx_word' id='word_1_102' title='bbox 188 1957 322 2035; x_wconf 86' lang='lat' dir='ltr'>Balteus,</span> <span class='ocrx_word' id='word_1_103' title='bbox 338 1973 369 2022; x_wconf 91' lang='lat' dir='ltr'>et</span> <span class='ocrx_word' id='word_1_104' title='bbox 382 1959 516 2034; x_wconf 84' lang='lat' dir='ltr'>manicae,</span> <span class='ocrx_word' id='word_1_105' title='bbox 532 1973 562 2020; x_wconf 92' lang='lat' dir='ltr'>et</span> <span class='ocrx_word' id='word_1_106' title='bbox 576 1959 679 2033; x_wconf 84' lang='lat' dir='ltr'>cristae,</span> <span class='ocrx_word' id='word_1_107' title='bbox 695 1959 847 2040; x_wconf 87' lang='lat' dir='ltr'>crurisque</span> <span class='ocrx_word' id='word_1_108' title='bbox 863 1959 968 2022; x_wconf 86' lang='lat' dir='ltr'>siuistri</span> 
     </span>
     <span class='ocr_line' id='line_1_17' title="bbox 188 2063 1162 2144; baseline -0.003 -19"><span class='ocrx_word' id='word_1_109' title='bbox 188 2063 354 2126; x_wconf 87' lang='lat' dir='ltr'>Dimidium</span> <span class='ocrx_word' id='word_1_110' title='bbox 369 2064 519 2144; x_wconf 82' lang='lat' dir='ltr'>tegimen3</span> <span class='ocrx_word' id='word_1_111' title='bbox 540 2063 597 2136; x_wconf 91' lang='lat' dir='ltr'>vel,</span> <span class='ocrx_word' id='word_1_112' title='bbox 613 2063 636 2123; x_wconf 91' lang='lat' dir='ltr'>si</span> <span class='ocrx_word' id='word_1_113' title='bbox 651 2063 767 2123; x_wconf 89' lang='lat' dir='ltr'>diversa</span> <span class='ocrx_word' id='word_1_114' title='bbox 782 2063 911 2123; x_wconf 88' lang='lat' dir='ltr'>movebit</span> <span class='ocrx_word' id='word_1_115' title='bbox 1098 2067 1162 2122; x_wconf 75' lang='lat'>210</span> 
     </span>
     <span class='ocr_line' id='line_1_18' title="bbox 188 2165 859 2250; baseline -0.003 -20"><span class='ocrx_word' id='word_1_116' title='bbox 188 2165 310 2244; x_wconf 83' lang='lat' dir='ltr'>Proelia,</span> <span class='ocrx_word' id='word_1_117' title='bbox 326 2181 355 2229; x_wconf 90' lang='lat' dir='ltr'>tu</span> <span class='ocrx_word' id='word_1_118' title='bbox 373 2165 454 2242; x_wconf 85' lang='lat' dir='ltr'>salix,</span> <span class='ocrx_word' id='word_1_119' title='bbox 469 2187 574 2228; x_wconf 89' lang='lat' dir='ltr'>ocreas</span> <span class='ocrx_word' id='word_1_120' title='bbox 588 2166 735 2228; x_wconf 90' lang='lat' dir='ltr'>vendente</span> <span class='ocrx_word' id='word_1_121' title='bbox 750 2165 859 2250; x_wconf 66' lang='lat' dir='ltr'>puella.</span> 
     </span>
     <span class='ocr_line' id='line_1_19' title="bbox 189 2271 967 2356; baseline -0.001 -21"><span class='ocrx_word' id='word_1_122' title='bbox 189 2271 246 2335; x_wconf 86' lang='lat' dir='ltr'>Hae</span> <span class='ocrx_word' id='word_1_123' title='bbox 262 2287 336 2350; x_wconf 91' lang='lat' dir='ltr'>suut,</span> <span class='ocrx_word' id='word_1_124' title='bbox 354 2293 417 2356; x_wconf 86' lang='lat' dir='ltr'>quae</span> <span class='ocrx_word' id='word_1_125' title='bbox 433 2271 513 2334; x_wconf 88' lang='lat' dir='ltr'>tenui</span> <span class='ocrx_word' id='word_1_126' title='bbox 528 2272 633 2334; x_wconf 87' lang='lat' dir='ltr'>sudant</span> <span class='ocrx_word' id='word_1_127' title='bbox 647 2271 676 2332; x_wconf 92' lang='lat' dir='ltr'>in</span> <span class='ocrx_word' id='word_1_128' title='bbox 691 2272 827 2354; x_wconf 88' lang='lat' dir='ltr'>cyclada,</span> <span class='ocrx_word' id='word_1_129' title='bbox 843 2291 967 2355; x_wconf 86' lang='lat' dir='ltr'>quarum</span> 
     </span>
     <span class='ocr_line' id='line_1_20' title="bbox 187 2375 843 2460; baseline -0.003 -21"><span class='ocrx_word' id='word_1_130' title='bbox 187 2377 320 2440; x_wconf 81' lang='lat' dir='ltr'>Delicias</span> <span class='ocrx_word' id='word_1_131' title='bbox 335 2391 364 2439; x_wconf 92' lang='lat' dir='ltr'>et</span> <span class='ocrx_word' id='word_1_132' title='bbox 379 2375 552 2460; x_wconf 86' lang='lat' dir='ltr'>panniculus</span> <span class='ocrx_word' id='word_1_133' title='bbox 566 2376 762 2458; x_wconf 89' lang='lat' dir='ltr'>bombycinus</span> <span class='ocrx_word' id='word_1_134' title='bbox 778 2378 843 2439; x_wconf 91' lang='lat' dir='ltr'>urit.</span> 
     </span>
     <span class='ocr_line' id='line_1_21' title="bbox 187 2479 968 2565; baseline -0.001 -21"><span class='ocrx_word' id='word_1_135' title='bbox 187 2483 330 2565; x_wconf 86' lang='lat' dir='ltr'>Adspice,</span> <span class='ocrx_word' id='word_1_136' title='bbox 347 2503 405 2564; x_wconf 88' lang='lat' dir='ltr'>quo</span> <span class='ocrx_word' id='word_1_137' title='bbox 420 2479 536 2542; x_wconf 77' lang='lat' dir='ltr'>fremitu</span> <span class='ocrx_word' id='word_1_138' title='bbox 552 2493 726 2542; x_wconf 91' lang='lat' dir='ltr'>monstratos</span> <span class='ocrx_word' id='word_1_139' title='bbox 741 2479 871 2562; x_wconf 77' lang='lat' dir='ltr'>perferat</span> <span class='ocrx_word' id='word_1_140' title='bbox 884 2481 968 2557; x_wconf 76' lang='lat' dir='ltr'>iotuS,</span> 
     </span>
     <span class='ocr_line' id='line_1_22' title="bbox 187 2583 1158 2669; baseline 0.001 -21"><span class='ocrx_word' id='word_1_141' title='bbox 187 2585 230 2648; x_wconf 87' lang='lat' dir='ltr'>Et</span> <span class='ocrx_word' id='word_1_142' title='bbox 245 2599 354 2669; x_wconf 88' lang='lat' dir='ltr'>quanto</span> <span class='ocrx_word' id='word_1_143' title='bbox 367 2585 458 2667; x_wconf 84' lang='lat' dir='ltr'>galeae</span> <span class='ocrx_word' id='word_1_144' title='bbox 473 2599 610 2646; x_wconf 88' lang='lat' dir='ltr'>curvetur</span> <span class='ocrx_word' id='word_1_145' title='bbox 624 2583 765 2666; x_wconf 84' lang='lat' dir='ltr'>pondere,</span> <span class='ocrx_word' id='word_1_146' title='bbox 782 2599 891 2666; x_wconf 87' lang='lat' dir='ltr'>quauta</span> <span class='ocrx_word' id='word_1_147' title='bbox 1095 2593 1158 2649; x_wconf 72' lang='lat'>215</span> 
     </span>
     <span class='ocr_line' id='line_1_23' title="bbox 187 2687 900 2771; baseline 0 -21"><span class='ocrx_word' id='word_1_148' title='bbox 187 2688 351 2771; x_wconf 84' lang='lat' dir='ltr'>Poplitibus</span> <span class='ocrx_word' id='word_1_149' title='bbox 366 2689 478 2760; x_wconf 91' lang='lat' dir='ltr'>sedeat,</span> <span class='ocrx_word' id='word_1_150' title='bbox 493 2687 581 2768; x_wconf 73' lang='lat' dir='ltr'>quam</span> <span class='ocrx_word' id='word_1_151' title='bbox 598 2687 690 2750; x_wconf 89' lang='lat' dir='ltr'>denso</span> <span class='ocrx_word' id='word_1_152' title='bbox 705 2688 796 2750; x_wconf 81' lang='lat' dir='ltr'>fascia</span> <span class='ocrx_word' id='word_1_153' title='bbox 810 2691 900 2766; x_wconf 91' lang='lat' dir='ltr'>libro;</span> 
     </span>
     <span class='ocr_line' id='line_1_24' title="bbox 188 2789 961 2872; baseline -0.004 -17"><span class='ocrx_word' id='word_1_154' title='bbox 188 2791 230 2856; x_wconf 85' lang='lat' dir='ltr'>Et</span> <span class='ocrx_word' id='word_1_155' title='bbox 244 2792 317 2868; x_wconf 89' lang='lat' dir='ltr'>ride,</span> <span class='ocrx_word' id='word_1_156' title='bbox 333 2789 487 2872; x_wconf 86' lang='lat' dir='ltr'>scaphium</span> <span class='ocrx_word' id='word_1_157' title='bbox 502 2789 603 2872; x_wconf 88' lang='lat' dir='ltr'>positis</span> <span class='ocrx_word' id='word_1_158' title='bbox 619 2810 708 2872; x_wconf 87' lang='lat' dir='ltr'>quum</span> <span class='ocrx_word' id='word_1_159' title='bbox 725 2791 846 2852; x_wconf 86' lang='lat' dir='ltr'>sumitur</span> <span class='ocrx_word' id='word_1_160' title='bbox 862 2791 961 2854; x_wconf 77' lang='lat' dir='ltr'>arinis.</span> 
     </span>
     <span class='ocr_line' id='line_1_25' title="bbox 186 2893 882 2978; baseline -0.004 -18"><span class='ocrx_word' id='word_1_161' title='bbox 186 2897 286 2960; x_wconf 89' lang='lat' dir='ltr'>Dicite</span> <span class='ocrx_word' id='word_1_162' title='bbox 300 2917 362 2972; x_wconf 88' lang='lat' dir='ltr'>vos,</span> <span class='ocrx_word' id='word_1_163' title='bbox 378 2909 482 2978; x_wconf 86' lang='lat' dir='ltr'>neptes</span> <span class='ocrx_word' id='word_1_164' title='bbox 497 2893 617 2977; x_wconf 87' lang='lat' dir='ltr'>Lepidi,</span> <span class='ocrx_word' id='word_1_165' title='bbox 628 2894 742 2956; x_wconf 79' lang='lat' dir='ltr'>caecive</span> <span class='ocrx_word' id='word_1_166' title='bbox 759 2894 882 2971; x_wconf 86' lang='lat' dir='ltr'>Metelli,</span> 
     </span>
     <span class='ocr_line' id='line_1_26' title="bbox 187 2998 993 3086; baseline 0 -22"><span class='ocrx_word' id='word_1_167' title='bbox 187 3001 317 3084; x_wconf 82' lang='lat' dir='ltr'>Gurgitis</span> <span class='ocrx_word' id='word_1_168' title='bbox 332 3014 382 3062; x_wconf 91' lang='lat' dir='ltr'>aut</span> <span class='ocrx_word' id='word_1_169' title='bbox 396 2998 493 3074; x_wconf 77' lang='lat' dir='ltr'>Fabii,</span> <span class='ocrx_word' id='word_1_170' title='bbox 509 3020 572 3081; x_wconf 81' lang='lat' dir='ltr'>quta</span> <span class='ocrx_word' id='word_1_171' title='bbox 587 2999 666 3062; x_wconf 90' lang='lat' dir='ltr'>ludia</span> <span class='ocrx_word' id='word_1_172' title='bbox 682 3001 838 3083; x_wconf 82' lang='lat' dir='ltr'>sumpserit</span> <span class='ocrx_word' id='word_1_173' title='bbox 854 3017 993 3086; x_wconf 73' lang='lat' dir='ltr'>unquam·</span> 
     </span>
     <span class='ocr_line' id='line_1_27' title="bbox 184 3102 1157 3189; baseline -0.002 -17"><span class='ocrx_word' id='word_1_174' title='bbox 184 3106 252 3172; x_wconf 93' lang='lat' dir='ltr'>Hos</span> <span class='ocrx_word' id='word_1_175' title='bbox 266 3104 403 3169; x_wconf 83' lang='lat' dir='ltr'>habitus?</span> <span class='ocrx_word' id='word_1_176' title='bbox 427 3103 547 3188; x_wconf 89' lang='lat' dir='ltr'>quando</span> <span class='ocrx_word' id='word_1_177' title='bbox 557 3102 595 3164; x_wconf 88' lang='lat' dir='ltr'>ad</span> <span class='ocrx_word' id='word_1_178' title='bbox 610 3103 710 3186; x_wconf 86' lang='lat' dir='ltr'>palum</span> <span class='ocrx_word' id='word_1_179' title='bbox 726 3117 824 3184; x_wconf 83' lang='lat' dir='ltr'>gemat</span> <span class='ocrx_word' id='word_1_180' title='bbox 839 3125 914 3166; x_wconf 85' lang='lat' dir='ltr'>uxor</span> <span class='ocrx_word' id='word_1_181' title='bbox 930 3107 1038 3189; x_wconf 83' lang='lat' dir='ltr'>Asyli?</span> <span class='ocrx_word' id='word_1_182' title='bbox 1092 3117 1157 3174; x_wconf 74' lang='lat'>220</span> 
     </span>
     <span class='ocr_line' id='line_1_28' title="bbox 230 3207 948 3294; baseline 0 -20"><span class='ocrx_word' id='word_1_183' title='bbox 230 3212 359 3294; x_wconf 88' lang='lat' dir='ltr'>Semper</span> <span class='ocrx_word' id='word_1_184' title='bbox 371 3211 460 3273; x_wconf 91' lang='lat' dir='ltr'>habet</span> <span class='ocrx_word' id='word_1_185' title='bbox 473 3209 539 3272; x_wconf 90' lang='lat' dir='ltr'>lites</span> <span class='ocrx_word' id='word_1_186' title='bbox 554 3208 723 3291; x_wconf 82' lang='lat' dir='ltr'>alternaque</span> <span class='ocrx_word' id='word_1_187' title='bbox 733 3207 830 3291; x_wconf 84' lang='lat' dir='ltr'>jurgia</span> <span class='ocrx_word' id='word_1_188' title='bbox 845 3209 948 3288; x_wconf 88' lang='lat' dir='ltr'>lectus,</span> 
     </span>
     <span class='ocr_line' id='line_1_29' title="bbox 184 3313 959 3399; baseline 0.003 -21"><span class='ocrx_word' id='word_1_189' title='bbox 184 3317 219 3378; x_wconf 91' lang='lat' dir='ltr'>In</span> <span class='ocrx_word' id='word_1_190' title='bbox 234 3336 293 3398; x_wconf 91' lang='lat' dir='ltr'>quo</span> <span class='ocrx_word' id='word_1_191' title='bbox 308 3329 398 3398; x_wconf 88' lang='lat' dir='ltr'>nupta</span> <span class='ocrx_word' id='word_1_192' title='bbox 406 3315 507 3399; x_wconf 88' lang='lat' dir='ltr'>jacet:</span> <span class='ocrx_word' id='word_1_193' title='bbox 529 3313 683 3376; x_wconf 85' lang='lat' dir='ltr'>minimdm</span> <span class='ocrx_word' id='word_1_194' title='bbox 699 3313 841 3377; x_wconf 89' lang='lat' dir='ltr'>dormitur</span> <span class='ocrx_word' id='word_1_195' title='bbox 855 3316 884 3378; x_wconf 87' lang='lat' dir='ltr'>in</span> <span class='ocrx_word' id='word_1_196' title='bbox 899 3317 959 3380; x_wconf 90' lang='lat' dir='ltr'>illo.</span> 
     </span>
     <span class='ocr_line' id='line_1_30' title="bbox 91 3413 929 3516; baseline 0 -34"><span class='ocrx_word' id='word_1_197' title='bbox 91 3495 101 3516; x_wconf 35' lang='grc' dir='ltr'><em>ι</em></span> <span class='ocrx_word' id='word_1_198' title='bbox 182 3419 273 3482; x_wconf 88' lang='lat' dir='ltr'>Tunc</span> <span class='ocrx_word' id='word_1_199' title='bbox 287 3413 381 3502; x_wconf 82' lang='lat' dir='ltr'>gravis</span> <span class='ocrx_word' id='word_1_200' title='bbox 395 3419 443 3482; x_wconf 84' lang='lat' dir='ltr'>illa</span> <span class='ocrx_word' id='word_1_201' title='bbox 456 3419 530 3494; x_wconf 85' lang='lat' dir='ltr'>viro,</span> <span class='ocrx_word' id='word_1_202' title='bbox 543 3432 613 3480; x_wconf 86' lang='lat' dir='ltr'>tuno</span> <span class='ocrx_word' id='word_1_203' title='bbox 628 3415 700 3480; x_wconf 74' lang='lat' dir='ltr'>orbis</span> <span class='ocrx_word' id='word_1_204' title='bbox 714 3419 818 3500; x_wconf 85' lang='lat' dir='ltr'>tigrida</span> <span class='ocrx_word' id='word_1_205' title='bbox 834 3419 929 3503; x_wconf 81' lang='lat' dir='ltr'>pejor.</span> 
     </span>
    </p>
   </div>
   <div class='ocr_carea' id='block_1_3' title="bbox 183 3522 907 3665">
    <p class='ocr_par' dir='ltr' id='par_1_3' title="bbox 183 3522 907 3665">
     <span class='ocr_line' id='line_1_31' title="bbox 183 3522 907 3665; baseline -0.006 -77"><span class='ocrx_word' id='word_1_206' title='bbox 183 3523 287 3598; x_wconf 82' lang='lat' dir='ltr'>Quum</span> <span class='ocrx_word' id='word_1_207' title='bbox 302 3523 418 3587; x_wconf 88' lang='lat' dir='ltr'>simulat</span> <span class='ocrx_word' id='word_1_208' title='bbox 431 3522 677 3665; x_wconf 45' lang='lat' dir='ltr'>gemitusssoculti</span> <span class='ocrx_word' id='word_1_209' title='bbox 692 3523 810 3586; x_wconf 88' lang='lat' dir='ltr'>conscia</span> <span class='ocrx_word' id='word_1_210' title='bbox 826 3522 907 3596; x_wconf 83' lang='lat' dir='ltr'>lacti,</span> 
     </span>
    </p>
   </div>
   <div class='ocr_carea' id='block_1_4' title="bbox 0 0 1272 4022">
    <p class='ocr_par' dir='ltr' id='par_1_4' title="bbox 0 0 1272 4022">
     <span class='ocr_line' id='line_1_32' title="bbox 0 0 1272 4022; baseline 0 0"><span class='ocrx_word' id='word_1_211' title='bbox 0 0 1272 4022; x_wconf 95' lang='lat' dir='ltr'> </span> 
     </span>
    </p>
   </div>
  </div>
 </body>
</html>
