2532 4008
558 327 680 378 SATIRA
695 329 765 376 XIV.

185 479 255 542 Jam
270 479 385 561 pridem
389 491 488 566 ‘caput
502 479 559 541 hoc
574 493 695 540 ventosa
710 475 862 538 cucurbita
878 469 1010 557 quaerat?
1094 549 1097 554 Ι

229 583 356 666 Hospite
372 597 503 657 venturo,
520 583 647 644 cessabit
661 603 749 642 nemo
765 595 892 642 tuorum.

184 685 280 750 Verre
298 689 507 771 pavimentum,
523 686 628 746 nitidas
643 686 766 746 ostende
782 685 943 758 columnam,

184 792 278 854 Arida
289 813 363 854 cum
378 790 439 852 tota
454 789 616 852 descendat
631 811 738 850 aranea
753 787 821 862 tela,

185 894 246 958 Hic
261 896 326 957 leve
343 909 505 977 argentum,
521 915 590 956 vasa
606 915 710 976 aspera
726 906 838 980 tergeat
854 892 945 968 alter3

182 997 253 1062 Vox
270 999 379 1061 domini
395 999 461 1061 sarit
476 999 605 1061 instantis
619 999 791 1080 virgamque
809 996 944 1058 tenentis.

182 1101 266 1186 Ergo
282 1105 370 1166 miser
384 1104 523 1186 trepidas,
539 1125 576 1164 ne
592 1087 722 1164 stercore
743 1101 824 1163 soeda
840 1100 945 1163 canino

128 1235 136 1244 .
152 1191 158 1203 ⁹
181 1209 264 1272 Atria
281 1209 451 1291 displiceant
466 1209 558 1269 oculis
574 1209 715 1269 venientis
728 1207 825 1280 amici,

183 1311 234 1374 Ne
249 1309 367 1393 perlusa
379 1311 439 1372 luto
455 1312 490 1372 sit
505 1311 651 1393 porticus3
675 1325 818 1372 ettamen
835 1331 893 1370 uuo

182 1415 328 1478 Semodio'
343 1416 438 1478 scobis
454 1417 517 1478 lraec
534 1415 672 1476 emendat
688 1415 819 1475 servulus
835 1434 920 1476 unus.

180 1517 257 1581 lllud
272 1542 330 1583 noa
348 1521 447 1602 agitas,
464 1533 495 1581 ut
510 1533 641 1582 sanctam
657 1519 732 1580 filius
747 1517 826 1580 omni

180 1624 335 1707 Adspiciat
350 1625 414 1687 sine
428 1626 493 1687 labe
509 1626 631 1686 domum
647 1624 775 1705 vitioque
791 1623 974 1686 carentem?

181 1727 306 1790 Gratum
322 1744 375 1805 est,
392 1726 470 1812 quod
487 1730 586 1812 patriae
602 1730 698 1791 civem
714 1729 884 1810 populoque
900 1727 1017 1803 dedisti,
1116 1733 1156 1788 to

180 1831 214 1896 Si
229 1832 313 1908 facis
331 1847 361 1896 ut
377 1835 478 1916 patriae
496 1835 532 1896 sit
546 1835 680 1906 idoneus,
697 1833 773 1893 utilis
789 1832 874 1912 agria,

178 1935 264 1999 Utilis
280 1951 309 1999 et
323 1939 466 1999 bellorum
483 1949 513 1998 et
527 1937 609 2018 pacis
623 1937 711 2001 rebus
727 1935 858 2016 agendis.

178 2039 345 2102 Plurimum
359 2040 437 2100 enim
448 2040 587 2112 intererit,
601 2038 706 2119 quibus
719 2038 835 2112 artibus,
849 2050 878 2098 et
889 2037 994 2119 quibus
1005 2037 1083 2100 hunc
1097 2051 1126 2098 tu

177 2142 313 2206 Moribus
328 2144 467 2206 instituas.
515 2143 660 2224 Serpente
676 2142 789 2203 ciconia
805 2142 899 2223 pullos

177 2247 211 2310 N
212 2250 287 2324 utrit‚
304 2263 334 2311 et
349 2249 467 2310 inventa
482 2269 534 2331 per
549 2248 635 2309 devia
651 2269 717 2309 rura
733 2246 864 2310 lacerta:
1112 2251 1151 2306 75

175 2351 229 2413 Ille
246 2353 351 2416 eadem
368 2353 490 2435 sumptis
506 2366 638 2434 quaerunt
653 2353 789 2416 animalia
805 2353 908 2433 pinnis.

176 2453 291 2532 Vultur,
302 2457 438 2539 jumento
454 2470 483 2518 et
497 2457 619 2518 canibus
634 2457 830 2536 crucibusque
846 2455 963 2529 relictis,

174 2559 225 2620 Ad
241 2559 328 2620 soetus
344 2573 490 2640 properat,
507 2573 680 2640 partemque
695 2559 847 2624 cadaveris
863 2559 957 2621 affert.

175 2661 236 2724 Hic
253 2676 297 2722 est
312 2683 383 2742 ergo
397 2661 481 2724 cibus
496 2663 593 2742 magni
610 2683 727 2742 quoque
743 2664 872 2735 vulturis,
888 2676 964 2724 etse
1010 2738 1013 2743 Ι

173 2766 338 2838 Pascentis‚
356 2764 472 2848 propria
488 2787 578 2847 quum
588 2764 654 2847 jam
668 2763 737 2826 saeit
753 2764 857 2826 arbore
873 2765 967 2826 nidos.
1109 2769 1150 2826 80

175 2871 238 2934 Sed
253 2871 385 2951 leporem
402 2882 451 2930 aut
466 2891 604 2951 capream
621 2867 736 2930 famulae
751 2867 832 2932 Jovis
847 2883 877 2931 et
892 2890 1041 2951 generosa

172 2975 207 3038 In
223 2975 296 3038 saltu
312 2986 454 3034 venantur
469 2994 560 3034 aves:
583 2973 651 3034 hinc
666 2974 766 3054 praeda
781 2974 870 3036 cubili

173 3079 315 3142 Ponitur:
340 3077 408 3138 inde
426 3091 535 3151 autem,
552 3097 642 3157 quum
659 3095 691 3136 se
707 3088 820 3136 matura
835 3077 936 3138 levarit

171 3183 345 3264 Progenies
362 3181 526 3243 stimulante
543 3179 631 3254 fame,
648 3177 764 3240 festinat
780 3179 815 3239 ad
832 3180 920 3255 illam,

172 3285 273 3359 Quam
291 3285 414 3366 primum
431 3285 560 3366 praedam
576 3297 661 3366 rupto
676 3297 841 3364 gustaverat
856 3306 922 3347 ovo.
1108 3295 1147 3350 85

214 3389 389 3450 AEdificator
405 3404 467 3451 erat
484 3387 653 3462 Cetronius‚
670 3402 699 3449 et
715 3386 804 3447 modo
820 3408 911 3450 curvo

170 3494 286 3557 Littore
304 3491 429 3576 Cajetae,
445 3492 561 3560 summa
575 3513 654 3554 nunc
670 3490 790 3552 Tiburis
806 3512 885 3566 aree,
