2534 4022
579 353 701 406 SATIRA
716 355 764 408 111.
1023 366 1028 384 t
1117 359 1155 418 19

180 505 324 571 Hortulus
336 501 397 580 hio,
412 516 577 586 puteusque
591 503 699 579 brevis,
714 523 771 566 nee
786 514 863 566 reste
879 501 1053 578 movendus,

180 611 215 674 In
230 625 333 673 tenues
347 609 460 692 plantas
475 607 553 670 sacili
569 607 738 673 diffunditur
753 609 868 670 haustu.

180 714 257 778 Vive
272 715 398 777 bidentis
413 735 525 795 emaus,
541 726 571 774 et
585 713 654 774 cul-ti
669 712 780 777 villicus
795 712 870 774 horti
883 734 893 790 ;

180 818 271 882 Unde
287 819 409 902 epulum
425 818 518 902 possis
532 831 653 883 centurn
668 816 739 880 dare
754 817 967 900 Pythagoreis.
1095 819 1158 879 210

135 993 140 1002 x
183 923 241 991 Est
255 925 374 1007 aliquid,
391 944 569 1007 quocunque
584 924 662 998 loco,
678 943 856 1006 quocunque
872 943 1003 997 recessu,

182 1028 279 1092 Unius
294 1051 361 1092 sese
376 1029 529 1092 dominum
545 1028 651 1092 secisse
666 1029 795 1095 lacertae.

226 1134 378 1200 Plurimus
392 1133 442 1198 hic
456 1156 534 1217 ager
548 1135 669 1200 moritur
684 1133 829 1216 vigilando
843 1155 851 1195 ε
873 1132 928 1196 sed
942 1131 1024 1196 illum

184 1237 376 1320 Languorem
391 1239 506 1322 peperit
521 1239 605 1308 cibus
618 1237 810 1321 imperfectus
824 1252 854 1300 et
870 1239 991 1301 ›haerens

188 1343 310 1408 Ardenti
326 1344 489 1406 stomacho.
535 1343 617 1410 Nam
633 1364 696 1424 quae
713 1343 859 1404 meritoria
877 1363 1014 1404 somnum
1100 1344 1163 1402 215
1258 1379 1259 1392 ³

188 1447 378 1509 Admittunt?
402 1445 519 1526 Magnis
533 1445 638 1526 opibus
653 1445 794 1506 dormitur
809 1445 838 1506 in
849 1443 954 1506 Urbe:

188 1550 262 1614 Inde
278 1567 367 1633 caput
381 1551 486 1614 morbi.
532 1549 708 1610 Rhedarum
723 1549 857 1611 transitus
872 1563 953 1612 arcto

188 1654 332 1717 Vicorum
346 1655 375 1716 in
391 1655 483 1731 flexu,
498 1667 528 1718 et
542 1654 642 1718 stantis
656 1653 789 1716 convicia
803 1653 938 1716 mendrae

190 1757 326 1842 Eripient
340 1781 476 1824 somnum
491 1759 602 1834 Druso,
619 1759 770 1841 vitulisque
788 1759 916 1821 marinis.

192 1863 225 1924 Si
239 1879 326 1926 vocat
340 1865 481 1940 officium,
496 1863 582 1926 turbb
595 1863 721 1926 cedente
738 1863 860 1924 vehetur
1104 1867 1168 1924 220

191 1967 294 2044 Dives,
310 1983 340 2030 et
353 1969 461 2050 ingenti
476 1980 574 2030 curret
589 1989 677 2048 super
691 1989 744 2028 ora
759 1966 901 2042 Liburno,

192 2073 291 2154 Atque
306 2073 399 2150 obires
413 2073 503 2154 leget,
519 2085 568 2132 aut
583 2071 699 2145 scribet,
714 2071 762 2131 vel
777 2069 903 2132 dormiet
917 2069 1015 2148 intus;
1031 2085 1057 2148 l..

194 2175 335 2258 Namque
351 2172 420 2237 facit
435 2197 570 2236 somnum
585 2174 686 2237 clausit
701 2174 806 2236 lectica
821 2173 960 2238 fenestris.
1024 2149 1030 2170 l

194 2279 272 2342 Ante
285 2293 387 2341 tamen
402 2279 517 2342 veniet:
539 2279 623 2342 nobis
639 2279 863 2363 properantibus
877 2281 974 2344 obstat

195 2383 285 2448 Unda
301 2384 398 2466 prior:
421 2406 528 2468 magno
543 2385 667 2468 populus
682 2385 788 2468 premit
802 2385 918 2466 agmine
933 2386 1059 2462 lumbos,
1105 2391 1176 2448 225.

196 2486 258 2562 Qui
274 2490 413 2571 sequitur.
459 2488 542 2551 Ferit
557 2490 604 2551 hic
619 2489 729 2564 cubito,
744 2487 810 2550 serit
825 2511 924 2552 assere
941 2489 1015 2553 duro

198 2593 303 2670 Alter;
326 2606 355 2654 at
369 2594 417 2656 hic
431 2594 543 2675 tignum
558 2593 645 2675 capiti
660 2593 770 2668 incutit,
786 2593 833 2654 ille
849 2607 1014 2658 metretam.

198 2693 323 2776 Pinguia
338 2717 424 2756 crura
437 2697 517 2772 lut03
538 2696 638 2777 planta
651 2717 723 2758 mox
737 2699 867 2779 undique
880 2699 988 2780 magnit

200 2797 319 2876 Calcor,
336 2813 365 2862 et
379 2800 408 2862 in
424 2800 513 2883 digito
528 2801 627 2863 olavus
642 2800 712 2862 mihi
728 2801 825 2864 militis
839 2802 939 2864 haeret.

242 2905 351 2968 Nonne
367 2906 459 2981 vides,
475 2919 583 2989 quanto
598 2907 764 2970 celebretur
779 2908 905 2990 sportula
918 2907 1024 2976 sumo?
1111 2917 1175 2975 230

201 3008 331 3071 Centum
347 3010 495 3072 convivae:
518 3011 647 3092 sequitur
662 3033 715 3074 sua
730 3033 879 3094 quemque
895 3015 1001 3079 culina.

201 3113 334 3177 Corbulo
350 3115 399 3176 vix
414 3113 503 3178 serrer
518 3127 559 3177 rot
572 3135 642 3177 vasa
657 3115 793 3197 ingentis,
810 3129 851 3177 tot
866 3137 913 3178 res

202 3217 355 3302 Impositos
370 3219 468 3304 capiti,
484 3240 557 3303 quas
572 3233 653 3282 recto
668 3220 777 3282 vertice
794 3234 889 3303 portat

205 3321 344 3387 Servulus
359 3323 469 3400 infelix,
485 3311 514 3387 et
529 3345 616 3388 cursu
634 3325 752 3387 ventilat
766 3325 876 3407 ignem.

205 3424 383 3490 Scindentur
398 3429 501 3490 tunioae
517 3444 623 3492 sartae:
645 3429 735 3492 modb
755 3429 842 3511 longa
857 3447 994 3497 coruscat
1113 3443 1176 3502 285

206 3529 332 3592 Sarraco
348 3531 481 3594 veniente
497 3535 587 3610 abies,
604 3547 691 3617 atque
707 3535 797 3596 altera
812 3534 914 3616 pinum
