2532 4008
558 337 681 392 mm
695 339 743 392 xl.

167 486 311 566 Functus,
328 487 364 552 ad
380 489 433 554 bas
446 489 550 573 *epulas
565 489 651 556 solito
665 487 807 552 maturius
822 487 892 562 itm,

166 594 312 658 Erectum
327 594 440 656 domito
454 593 588 658 referens
603 615 620 656 u
635 603 736 656 monte
751 593 891 674 ligonem.

167 698 271 775 Quum
286 711 447 762 tremerent
461 712 561 760 autern
577 695 698 772 Fabios,
713 695 878 778 durumque
892 693 1053 769 Camena,
1100 693 1142 756 90

168 801 210 866 Et
226 804 365 877 Scauros,
381 815 411 864 et
426 799 588 876 Fabricios,
604 799 755 883 postremi)
768 812 888 862 suvetot

172 902 311 970 Censoris
325 924 424 966 mores
434 903 525 970 etiarn
541 901 656 983 collega
669 901 806 978 timeret;

167 1005 270 1070 Nemo
285 1007 359 1068 inter
373 1027 459 1072 curas
473 1020 503 1068 et
514 1005 593 1070 *seria
608 1006 692 1100 duxit
705 1003 885 1081 babendum,

166 1108 273 1183 Qualis
287 1111 316 1172 in
331 1111 435 1174 oceani
450 1109 542 1174 fluctu
558 1109 675 1174 testudo
689 1123 813 1186 nataret,

166 1213 290 1283 Clarum
305 1215 483 1302 Trojugeuis
498 1213 612 1280 lactura
627 1237 662 1278 ao
678 1215 776 1278 nobile
791 1213 936 1278 sulonrmt
1098 1216 1139 1278 ⁹5

168 1318 231 1382 Sed
248 1319 328 1378 nudo
342 1319 433 1380 latere
448 1331 478 1378 et
489 1317 585 1402 parvis
600 1316 679 1380 frons
694 1339 769 1382 aerea
784 1317 868 1380 luctis

167 1419 236 1482 Vile
251 1421 380 1482 coronati
393 1434 485 1502 caput
498 1420 673 1482 ostendebat
688 1421 779 1495 aselli,

166 1525 215 1586 Ad
233 1525 310 1608 quod
327 1524 426 1586 lascivi
441 1524 581 1589 ludebant
595 1522 669 1588 ruris
681 1523 803 1588 obtusi.

165 1627 259 1690 Tales
274 1649 345 1710 ergo
359 1628 427 1704 cibi,
443 1627 536 1710 qualis
551 1628 658 1692 domus
674 1641 761 1710 atque
776 1627 922 1711 supellex.

164 1732 255 1799 Tunc
270 1732 349 1794 rudis
365 1747 393 1794 et
409 1731 516 1796 Graias
531 1732 628 1796 mirari
642 1732 761 1798 nescius
774 1748 864 1809 artes,
1076 1733 1138 1798 tou‘

164 1835 296 1899 Urbibus
311 1837 431 1912 eversis,
446 1837 612 1919 praclarum
627 1837 656 1898 in
671 1849 754 1919 parte
768 1837 887 1919 roperti

165 1939 343 2022 Magnorum
359 1940 502 2002 artificum
518 1938 669 2021 frangebat
685 1940 790 2021 pocula
806 1940 900 2016 miles,

165 2043 209 2105 Ut
224 2044 350 2125 phaleris
365 2043 510 2123 gauderet
523 2057 628 2123 aquus,
643 2043 804 2124 caelataque
819 2043 910 2104 casis

165 2145 322 2208 Romuleae
337 2146 494 2208 simulacra
507 2144 575 2208 serae
590 2165 799 2210 mansuescere
807 2145 898 2230 jussus

163 2249 283 2334 imperii
299 2249 367 2325 sato,
383 2249 517 2332 geminos
532 2251 585 2316 sub
600 2268 674 2333 runo
690 2249 841 2327 Quirinos,
972 2251 976 2261 '
1073 2257 1135 2318 168

164 2355 212 2417 Ac
226 2355 338 2416 nudarn
352 2355 481 2438 effigiem
495 2355 603 2438 clypeo
617 2355 758 2420 venientis
773 2369 803 2419 et
816 2355 900 2420 bostri

164 2457 386 2541 pendentisque
402 2459 462 2534 dei,
477 2460 605 2541 perituro
619 2460 788 2524 ostenderet
802 2461 888 2522 hosti.

162 2563 285 2646 Argenti
302 2563 380 2646 quod
397 2577 470 2638 erat,
485 2563 553 2626 solis
568 2561 698 2645 fulgebat
711 2563 740 2626 in
756 2555 854 2628 armis.

163 2666 321 2728 Pouebant
334 2665 420 2748 igitur
433 2653 537 2728 Ttuco
551 2664 658 2728 sarram
672 2668 781 2730 catino.

164 2767 274 2835 Omnia
289 2783 368 2844 tunc,
384 2767 490 2851 quibus
503 2767 644 2843 inridens,
659 2769 682 2834 si
697 2769 831 2832 lividulus
845 2770 894 2834 sis·
1074 2779 1136 2836 110

162 2873 358 2956 Templorum
373 2893 491 2956 quoque
506 2871 645 2956 majestas
659 2873 836 2956 presentior,
851 2887 882 2937 et
895 2891 955 2938 rust

162 2978 262 3042 Nocte
277 2976 341 3040 sere
356 2977 467 3052 mediis,
483 2977 671 3060 mediamque
686 2977 784 3042 andiu
798 2999 852 3061 per
866 2977 993 3058 Urbem,

161 3082 275 3147 Littore
291 3082 327 3146 ab
343 3081 459 3144 Oceani
475 3080 568 3144 Gallis
583 3081 875 3155 recensuissent

162 3187 303 3250 Officium
318 3187 391 3250 vatis
406 3185 621 3269 peragentibus,
637 3183 682 3248 his
697 3184 809 3250 monuit
822 3205 887 3248 nos.

161 3291 252 3356 Hauc
266 3291 355 3352 rebus
370 3289 463 3352 Latiis
477 3310 579 3354 eurem
594 3302 731 3372 prestare
746 3289 860 3355 solebat
1069 3295 1130 3358 115

162 3393 275 3459 Fictilis
289 3407 319 3456 et
332 3393 412 3456 nullo
426 3391 771 3476 uoluntariorum.

160 3497 212 3564 llla
227 3497 307 3562 domi
322 3511 405 3563 natas
419 3498 575 3582 maeque
589 3519 630 3564 ex
642 3498 750 3564 arbore
762 3507 881 3584 metans
