2534 4022
127 335 170 394 44
438 327 787 394 nuumrruuenrmu

127 478 205 544 Haec
220 479 258 542 de
273 478 418 542 comoedis
433 493 462 542 te
477 477 621 558 consulit;
642 479 692 544 ille
705 479 874 564 tragoedum
1036 487 1106 548 28⁵

129 581 352 646 Commendare
367 583 465 644 volet:
488 583 637 646 varicosus
651 583 701 645 fiet
715 583 876 668 haruspex.

172 687 235 750 Sed
250 701 349 752 cantet
362 687 472 772 potius,
487 686 576 770 quem
591 701 682 752 totam
698 688 830 772 pervolet
844 689 951 754 urbem

126 791 247 867 Audax,
264 805 293 854 et
307 805 402 854 coetus
418 792 507 876 possit
521 792 610 874 quem
626 789 703 856 ferre
718 793 857 869 virorum,

126 895 267 978 Cumque
282 896 427 979 paludatis
443 895 578 974 ducibus,
593 909 737 980 presente
753 897 870 974 marito,

124 999 193 1082 Ipsa
207 1000 285 1083 loqui
300 1000 383 1062 rectit
398 998 473 1064 secie
488 1001 651 1084 strictisque
668 1001 813 1064 mamillis.
1034 1009 1098 1068 290

125 1099 206 1164 Haec
222 1101 329 1164 eadem
344 1101 434 1177 novit,
451 1101 521 1184 quid
535 1115 596 1164 toto
611 1102 661 1164 fiat
675 1101 702 1164 in
718 1103 813 1182 orbe;

124 1203 208 1278 Quid
225 1203 325 1282 Seres,
341 1204 410 1288 quid
425 1203 563 1267 Thraces
578 1220 687 1288 agant:
710 1221 825 1270 secreta
840 1229 974 1272 novercae

123 1307 166 1373 Et
180 1311 283 1392 pueri:
305 1309 370 1394 quis
385 1323 474 1386 amet,
490 1311 555 1393 quis
569 1309 719 1394 diripiatur
734 1313 923 1386 adulter.-¹

122 1413 282 1478 Instantem
298 1414 360 1498 regi
376 1414 520 1476 Armenio
535 1413 708 1499 Parthoque
723 1433 862 1482 cometen
960 1499 962 1504 ,

122 1517 226 1582 Prima
240 1519 340 1595 videt;
362 1516 471 1578 lamam
485 1540 678 1602 rumoresque
693 1521 741 1583 illa
756 1537 893 1588 recentes
1031 1529 1098 1586 295

123 1621 246 1705 Excipit
261 1621 297 1684 ed
314 1635 430 1704 portas:
452 1621 596 1703 quosdam
612 1621 702 1686 facit:
723 1624 782 1688 isse
798 1626 962 1712 Niphatem

121 1727 156 1790 ln
172 1727 305 1810 populum
321 1745 486 1808 magnoque
501 1726 560 1788 illic
575 1743 682 1792 cuncta
697 1751 767 1794 erva
781 1731 876 1794 teneri

122 1830 253 1906 Diluvio,
269 1842 371 1892 nutare
386 1830 485 1907 urbee
501 1832 653 1910 subsidere
669 1849 771 1913 terres,

122 1933 312 2016 Quocunque
327 1933 355 1996 in
370 1933 463 2010 trivio,
478 1936 644 2020 cuicunque
660 1939 814 2016 cerebris,
831 1954 939 2004 narrat.

165 2039 234 2104 Neo
246 2055 345 2103 tamen
357 2040 386 2101 id
399 2039 498 2104 vitium
511 2040 604 2126 magis
615 2043 806 2122 intolerabile,
818 2045 906 2130 quam
919 2045 997 2130 quud
1029 2051 1095 2108 300
1179 2055 1183 2060 ’

120 2144 243 2207 Vicinos
258 2145 383 2206 humiles
396 2166 501 2226 rapere
516 2159 546 2206 et
561 2149 719 2210 concidere
734 2151 806 2212 loris

121 2248 254 2312 Exorata
271 2249 354 2311 solet.
400 2247 480 2310 Nam
497 2248 521 2310 si
536 2249 685 2312 latratibus
700 2253 748 2312 alti

121 2353 312 2436 Rumpuntur
326 2351 431 2426 somni,
447 2349 556 2413 Fostes
570 2353 628 2415 huc
643 2355 736 2431 ocius,
752 2355 854 2439 inquit,

119 2457 245 2532 differte,
261 2470 348 2537 utque
363 2454 417 2518 illis
432 2454 583 2520 dominum
594 2455 680 2540 jubet
695 2459 761 2520 ante
777 2458 866 2538 feriri,

119 2561 239 2626 Deinde
254 2579 372 2620 canem.
419 2557 525 2622 Gravis
537 2581 675 2638 occursu,
691 2566 840 2630 teterrime
854 2569 944 2645 vultu,
1026 2576 1091 2632 305

82 2691 84 2696 ·
119 2663 236 2727 Balnea
250 2673 338 2722 nocte
353 2660 429 2724 subit
441 2683 458 2739 3¹
473 2661 603 2726 conchas
618 2679 648 2728 et
662 2681 758 2730 castra
772 2673 884 2735 moveri

119 2769 219 2834 Nocte
229 2765 335 2850 jubet3
357 2787 466 2850 magno
480 2768 590 2849 gaudet
604 2771 711 2834 sudore
726 2776 859 2850 tumultu,

119 2874 223 2946 Quum
237 2871 342 2932 lassate
357 2871 436 2950 gravi
452 2871 624 2933 ceciderunt
637 2875 758 2939 brachia
772 2877 930 2940 massi.—

118 2976 259 3042 Couvivae
275 2971 372 3038 miseri
387 2973 499 3034 interea
513 2995 676 3059 somnoque
693 2976 831 3066 sameque

117 3081 279 3167 Urgentur.
323 3077 465 3142 Tandem
479 3079 527 3142 illa
541 3081 620 3144 venit
634 3084 838 3164 rubicundula,
854 3105 947 3154 totum
1025 3099 1089 3156 :310

117 3186 327 3269 OEuophorum
342 3185 452 3262 sitiens,
468 3185 555 3268 plend
571 3187 649 3270 quod
665 3190 793 3253 tenditur
808 3194 881 3256 urnd

117 3291 280 3356 Admotum
296 3289 430 3372 pedibus,
446 3289 560 3372 dequo
575 3293 719 3355 sextarius
735 3295 808 3358 alter

115 3395 243 3460 Ducitur
258 3407 326 3458 ante
340 3392 450 3470 cibum,
465 3393 598 3456 rabidam
612 3393 742 3462 secturus
756 3403 885 3466 orexim.

116 3501 200 3563 Dum
215 3499 291 3564 redit
305 3511 335 3562 et
348 3497 409 3562 loto
423 3512 532 3562 terram
545 3498 611 3564 serit
625 3502 770 3582 intestino,
