2532 4008
539 343 662 392 SATIRA
672 341 730 391 XV.

162 487 234 553 Ulla
249 491 343 554 aliena
357 491 409 554 sibi
424 491 527 554 eredat
541 491 643 554 mala?
690 491 816 575 Separat
830 489 889 551 hoc
904 508 958 551 nos

162 595 192 656 A
207 618 296 680 grege
312 611 458 660 mutorum
471 621 480 677 3
503 613 591 681 atque
606 598 674 659 ideo
689 595 856 659 venerabile
872 595 924 657 soli

163 697 262 762 Sortiti
277 702 436 784 ingenium,
452 703 674 784 divinorumque
690 721 826 782 capaces
873 773 875 776 Ι

162 803 263 886 Atque
279 807 456 868 exercendis
471 807 680 888 capiendisque
697 806 805 866 artibus
820 803 889 887 apti,
1079 806 1139 864 145

163 891 293 970 Sensum
309 932 327 971 a
341 911 453 973 coelesti
469 912 629 973 demissum
644 911 786 972 traximus
802 931 881 984 arce,

163 1009 260 1095 Cujus
275 1028 364 1095 egent
377 1037 470 1096 prona
483 1029 512 1076 et
525 1029 633 1076 terram
649 1015 821 1097 spectantia.
868 1010 975 1074 Mundi

163 1113 312 1200 Principio
326 1119 445 1181 indulsit
459 1121 624 1182 communis
639 1120 773 1182 conditor
788 1119 842 1182 illis

160 1219 295 1282 Tantinn
311 1224 430 1299 animas,
444 1225 528 1285 nobis
543 1225 673 1287 animum
688 1245 818 1307 quoque,
830 1236 948 1285 mutuus
964 1234 996 1284 ut
1009 1241 1064 1284 nos

163 1324 299 1388 Affectus
314 1340 416 1409 petere
432 1328 571 1389 auxilium
588 1341 617 1390 et
632 1342 768 1410 praestare
779 1328 909 1410 juberet,
1080 1328 1139 1386 150

162 1427 323 1512 Dispersus
338 1431 454 1493 trahere
470 1432 499 1494 in
514 1432 668 1514 populum,
684 1431 809 1512 migrare
825 1443 939 1493 vetusto

163 1531 213 1595 De
229 1556 362 1612 nemore,
378 1550 408 1598 et
422 1537 539 1622 proavis
555 1537 696 1598 habitatas
710 1537 843 1618 linquere
859 1535 967 1614 silvas;

161 1636 325 1700 AEdilicare
341 1639 456 1716 domm,
472 1640 598 1702 Laribus
613 1641 792 1724 conjungere
807 1640 912 1703 nostris

159 1739 293 1804 Tectum
309 1744 397 1820 aliud,
413 1759 489 1807 tutos
504 1746 600 1810 vicino
614 1745 714 1808 limine
729 1767 848 1808 somnos

161 1845 205 1910 Ut
219 1849 324 1910 collata
339 1851 422 1912 daret
436 1851 566 1928 fiducia3
588 1864 743 1932 protegere
760 1850 848 1911 armis
1078 1852 1137 1910 155

162 1949 307 2036 Lapsum,
324 1967 374 2016 aut
388 1954 497 2035 ingenti
512 1968 662 2015 nutantem
677 1953 797 2014 vulnere
814 1953 921 2027 civem,

162 2055 324 2118 Communi
340 2057 411 2118 dare
427 2057 507 2138 sigua
522 2055 602 2132 tubi,
618 2055 770 2119 defendier
784 2055 881 2118 isdem

162 2159 318 2236 Turribus,
334 2174 420 2243 atque
436 2161 496 2223 unia
511 2175 659 2245 portarum
675 2161 757 2225 clave
772 2162 877 2224 teneri.

162 2263 227 2326 Sed
238 2265 300 2348 jam
316 2280 486 2348 serpentum
502 2267 594 2351 major
606 2267 784 2330 concordia:
807 2267 901 2350 parcit

163 2365 305 2452 Cognatis
319 2371 442 2433 maculis
458 2371 557 2433 similis
572 2371 644 2434 sera.
691 2371 822 2444 Quando
837 2373 915 2434 leoni
1078 2377 1138 2436 160

162 2470 279 2535 Fortior
294 2475 399 2556 eripuit
413 2475 500 2536 vitam
516 2475 588 2537 leo?
613 2498 671 2559 quo
686 2497 807 2538 nemore
822 2496 952 2559 unquam

162 2570 333 2654 Exspiravit
348 2597 420 2656 aper
434 2575 552 2658 majoris
568 2577 703 2639 dentibus
719 2577 807 2660 apri?

161 2675 265 2738 ludica
280 2676 359 2758 tigris
375 2678 432 2760 agit
447 2679 549 2742 rabidi
564 2701 633 2741 cum
647 2681 749 2761 tigride
766 2703 872 2762 pacem

161 2779 366 2864 Perpetuam:
389 2781 471 2844 saevis
486 2783 561 2846 inter
576 2805 608 2846 se
624 2784 760 2846 convenit
775 2785 858 2848 ursis.

162 2885 219 2948 Ast
233 2886 343 2948 homini
358 2887 466 2950 serrum
482 2890 569 2952 letale
585 2891 692 2952 incude
708 2889 838 2954 nefandi
1077 2903 1136 2962 165

162 2987 345 3052 Produxisse
360 3012 464 3073 parum
480 3005 545 3070 est3
568 3015 658 3077 quum
674 3009 765 3058 rastra
781 3011 811 3058 et
825 2997 939 3061 sarcula
953 3000 1065 3065 tannim

161 3094 281 3156 Assueti
297 3116 437 3179 coquere,
454 3109 484 3158 et
500 3097 602 3162 marris
618 3119 653 3159 ac
669 3119 789 3160 vomere
804 3100 872 3162 lassi

163 3197 195 3260 N
197 3198 331 3259 escierint
345 3200 430 3281 primi
445 3202 557 3286 gladios
573 3201 738 3264 extundere
751 3202 844 3292 sabrb

162 3301 352 3383 Adspicimus
366 3307 500 3387 populos,
516 3329 639 3390 quorum
656 3330 713 3370 non
729 3309 835 3372 sufficit
849 3309 902 3373 irae

162 3405 320 3470 Occidisse
336 3407 462 3490 aliquem
472 3433 481 3488 ;
504 3411 557 3472 sed
573 3426 705 3493 pectora,
726 3413 858 3490 brachia,
875 3416 987 3479 vultum
1076 3425 1136 3484 170

160 3509 352 3574 Crediderint
366 3533 458 3594 genus
467 3535 538 3660 lepqe
553 3515 621 3578 eibi.
667 3515 751 3589 Quid
768 3517 880 3580 diceret
895 3539 976 3602 ergo,
