2532 4008
129 351 189 408 102
218 301 220 304 Ι
434 346 467 392 1).
483 343 576 393 JUNII
591 343 783 396 JUVENALIS

128 490 257 553 Brachia
271 487 424 552 Vulcanus
438 490 576 573 Liparaei
590 493 671 573 nigra
686 491 818 554 taberob.

128 593 298 655 Prandebat
314 594 367 655 sibi
383 595 505 676 quisque
521 595 604 669 deus,
620 616 676 656 nec
692 596 777 657 turba
790 593 916 656 deorum

127 695 220 770 Talis,
236 709 267 757 ut
282 710 326 758 est
340 697 445 774 hodie3
461 701 656 779 contentaque
672 697 768 758 sidera
783 697 886 778 paucis

127 797 304 861 Numinibus
319 801 458 862 miserum
474 802 615 882 urgebant
629 801 746 864 Atlanta
761 801 864 862 minori

127 901 278 963 Pondere.
323 902 466 964 Nondum
483 903 584 985 aliquis
599 905 714 966 sortitus
729 904 808 966 triste
824 901 960 986 profundi

126 1003 294 1087 imperium,
311 1019 360 1067 aut
376 1005 477 1066 Siculis
491 1019 589 1068 torvus
604 1028 672 1068 cum
688 1007 813 1088 conjuge
829 1005 929 1068 Pluto.

126 1108 159 1170 N
160 1130 195 1170 ec
210 1123 282 1183 rota,
298 1130 354 1170 nec
371 1107 478 1183 Furia,
494 1131 551 1170 nee
566 1131 682 1182 saxum,
698 1123 748 1170 ant
762 1109 882 1170 vulturis
898 1108 951 1170 atri

126 1209 245 1289 Poena3
269 1213 320 1272 sed
336 1211 455 1272 infernis
470 1212 576 1274 hilares
591 1213 653 1274 sino
667 1213 785 1295 regibus
800 1213 923 1274 umbrae.

125 1314 299 1396 Improbitas
314 1316 362 1376 illo
378 1315 430 1376 suit
446 1315 624 1378 admirabilis
639 1337 716 1378 aevo.

124 1417 297 1480 Credebant
311 1420 368 1480 hoc
383 1421 494 1500 grande
507 1419 590 1482 nbsas
605 1433 635 1480 et
649 1433 742 1501 morte
757 1419 908 1502 piandum,

124 1521 157 1582 Si
169 1521 285 1603 juvenis
300 1523 398 1582 vetulo
413 1544 471 1581 non
487 1523 702 1596 adsurrexerat,
719 1536 748 1584 et
763 1523 786 1583 si

125 1624 256 1686 Barbato
272 1625 437 1705 cuicunque
454 1645 536 1704 puer,
552 1624 621 1685 licet
635 1625 697 1706 ipse
712 1625 826 1687 videret

124 1727 216 1788 Plura
231 1727 310 1787 domi
326 1725 407 1806 fraga
422 1739 452 1786 et
467 1727 593 1809 nrajores
608 1727 721 1808 glandis
735 1741 869 1792 acervos.

124 1830 205 1891 Tam
221 1830 386 1890 venerabile
403 1842 465 1890 erat
479 1831 650 1912 praeeedere
667 1845 789 1912 quatuor
804 1833 895 1908 annis,

123 1933 284 2016 Primaque
300 1955 352 2014 par
368 1933 444 1994 adei>
460 1954 552 1994 saerae
568 1934 675 2015 lanugo
691 1939 836 1998 senectae!

124 2036 225 2112 Nunc,
242 2038 265 2098 si
280 2037 447 2119 depositum
463 2059 521 2098 non
536 2038 679 2099 inficietur
695 2039 817 2114 amicus,

125 2140 157 2200 Si
173 2141 278 2201 reddat
292 2153 424 2200 veterem
439 2161 507 2200 cum
524 2139 585 2200 toti
599 2143 725 2220 aerugine
741 2141 851 2214 follem,

123 2242 298 2323 Prodigiosa
312 2241 387 2300 fides
402 2253 431 2300 et
446 2239 554 2300 Tuscis
569 2241 656 2319 digna
671 2241 782 2314 libellis,

123 2343 260 2424 Quaeque
276 2340 416 2403 coronatis
430 2342 542 2403 lustrari
558 2342 666 2402 debeat
681 2342 766 2422 agni.

122 2447 285 2530 Egregium
302 2459 493 2528 sanctumque
509 2445 606 2507 virum.
618 2445 642 2507 si
657 2467 757 2522 cerno,
773 2446 929 2512 bimembri

122 2551 191 2613 Hoc
207 2564 368 2612 monstrum
384 2573 485 2632 puero,
501 2563 550 2611 aut
564 2551 677 2611 miranti
692 2551 745 2612 sub
761 2565 858 2614 aratro

122 2657 258 2718 Piscibus
273 2653 404 2729 inventis,
421 2667 450 2715 et
464 2652 541 2716 ioetae
557 2675 698 2736 comparo
713 2656 809 2730 mule,

124 2761 282 2833 Sollicitus
297 2771 435 2839 tanquam
450 2757 563 2839 lapides
579 2758 715 2819 effirderit
729 2758 832 2831 imber,

122 2864 299 2925 Examenve
316 2861 414 2938 apium
429 2859 517 2936 longia
531 2859 697 2917 consederit
712 2858 769 2917 uvai

122 2964 261 3026 Culmine
277 2959 410 3034 delubri3
432 2969 571 3038 tauquam
586 2957 615 3018 in
630 2971 712 3018 mare
727 2958 846 3022 fluxerit
860 2963 952 3024 amnis

123 3066 293 3148 Gurgitibus
308 3061 397 3136 miris,
413 3074 442 3122 et
455 3060 538 3122 lactis
552 3061 663 3124 vortice
678 3075 800 3125 torrens.

165 3171 333 3249 Intercepta
348 3166 455 3228 decem
470 3165 600 3246 quereris
615 3165 746 3225 sestertia
760 3163 867 3225 sraude

124 3269 298 3352 Sacrilegi?
321 3270 391 3350 quid
408 3270 431 3329 si
446 3268 491 3327 bis
505 3280 624 3328 centum
639 3266 766 3347 perdidit
781 3269 854 3330 alter

122 3376 192 3440 Hoc
208 3393 315 3436 arcana
330 3368 445 3431 modo?
466 3369 609 3452 majorem
624 3370 724 3432 tertius
738 3370 787 3432 illia

124 3482 289 3551 Summam,
305 3493 393 3556 quam
409 3474 511 3555 pamlae
527 3473 577 3536 vix
591 3487 712 3556 ceperat
727 3475 850 3559 angulus
865 3477 966 3542 arcte?
