2534 4022
583 385 706 439 snrtltl
721 383 770 438 111.

184 537 248 616 Me,
264 561 353 624 quem
367 539 437 602 luna
451 539 526 604 solet
540 540 702 615 deducere,
717 537 765 601 vel
782 538 872 600 breve
886 535 986 599 lumen

183 645 336 722 Candelae,
351 647 435 732 cujus
451 646 589 730 dispenso
604 659 634 708 et
647 659 783 728 tempero
797 643 889 719 filum,

182 749 364 813 Contemnit.
410 749 531 813 Miserae
547 771 695 832 cognosce
711 749 854 832 prooemia
868 748 950 822 rixae,

182 855 215 918 Si
230 857 295 918 rixa
310 869 363 932 est,
379 857 429 918 ubi
444 869 475 919 tn
490 857 598 940 pulsas,
615 879 671 940 ego
686 855 792 939 vapulo
807 853 930 916 tantum.
1091 855 1156 912 270

183 959 248 1022 Stat
263 961 375 1037 contrb,
391 961 518 1044 starique
530 961 637 1046 jubet3
661 981 764 1044 parere
776 979 900 1022 necesse
915 969 969 1022 est.

177 1065 211 1128 N
212 1085 261 1127 am
276 1065 346 1148 quid
359 1087 439 1148 agas,
455 1087 546 1149 quum
560 1079 591 1128 te
605 1065 730 1128 furiosus
744 1077 841 1147 cogat,
857 1075 887 1125 et
900 1063 982 1158 idem

178 1167 319 1232 Fortior?
341 1167 432 1233 Unde
447 1170 553 1234 venis?
576 1171 745 1234 exclamat:
767 1169 851 1253 cujus
866 1181 962 1244 scete,

176 1271 272 1358 Cujus
286 1275 402 1338 conche
416 1273 538 1338 tumes?
561 1275 739 1359 quisstecum
754 1273 856 1337 sectile
870 1291 990 1358 porrum

177 1377 311 1447 Sutoret
325 1379 395 1442 elixi
409 1381 542 1442 vervecis
556 1380 638 1442 labra
652 1377 805 1442 comedit?
1085 1381 1149 1444 2⁷5.

173 1479 225 1544 Nil
239 1481 311 1543 mihi
324 1481 509 1566 respondes?
532 1483 594 1544 Aut
608 1481 666 1559 dic,
683 1493 732 1545 aut
747 1481 850 1563 accipe
864 1481 997 1548 calcem!

172 1583 252 1662 Ede,
268 1587 318 1648 ubi
333 1587 495 1650 consistas:
517 1587 546 1650 in
562 1585 622 1670 quai
635 1599 665 1649 te
681 1607 780 1670 quero
794 1583 983 1669 proseuchis?

171 1689 284 1753 Dicere
296 1691 320 1753 si
334 1703 429 1754 tentes
444 1691 562 1775 aliquid,
578 1691 718 1755 tacitusve
733 1692 868 1768 recedas,

169 1793 361 1858 Tantundem
376 1810 441 1876 est3
463 1795 570 1860 feriunt
583 1797 713 1880 pariter:
733 1794 901 1879 vadimonia
915 1794 1024 1860 deinde

166 1897 237 1962 Irati
252 1898 371 1963 faciunt.
417 1900 554 1966 Libertas
568 1900 705 1984 pauperis
718 1901 782 1966 hacc
799 1913 867 1964 ests
1080 1905 1143 1964 280

167 1999 305 2067 Pulsatus
319 2018 412 2087 rogat,
428 2018 457 2068 et
471 2007 575 2089 pugnis
589 2007 726 2070 concisus
741 2007 853 2082 adorat,

167 2103 210 2168 Ut
223 2107 311 2170 liceat
324 2108 427 2191 paucis
442 2127 512 2172 cum
527 2109 662 2172 dentibus
680 2108 750 2172 inde
764 2110 881 2172 reverti.

158 2204 160 2209 ’
208 2209 279 2274 Nec
293 2224 392 2276 emen
405 2213 475 2278 brec
490 2211 602 2278 tantbm
618 2227 754 2278 metuas:
776 2235 856 2292 narn,
872 2213 921 2300 qui
936 2214 1041 2300 spoliet
1051 2211 1093 2291 te,
1121 2219 1124 2224 ’

162 2313 232 2378 Non
250 2316 353 2394 decrit,
368 2318 474 2383 clausis
489 2319 633 2396 domibus,
648 2333 805 2404 postquam
819 2317 914 2383 omnis
928 2319 1037 2403 ubique

161 2415 240 2484 Fixa
254 2434 394 2485 catenatae
409 2423 485 2486 siluit
499 2445 646 2508 compago
660 2425 800 2488 tabemae.
1071 2425 1134 2486 285

159 2522 311 2588 interdum
326 2539 355 2588 et
369 2525 447 2590 serro
462 2529 572 2595 subitus
587 2543 732 2612 grassator
747 2529 807 2612 agit
820 2549 894 2604 rem,

157 2628 281 2690 Armate
297 2631 411 2710 quoties
425 2645 492 2694 turae
508 2634 631 2695 custode
646 2646 781 2695 tenentur

158 2727 200 2792 Et
214 2727 353 2793 Pomtiua
367 2733 451 2814 palus
466 2747 496 2796 et
512 2733 669 2796 Gallinaria
686 2737 780 2817 pinus.

156 2833 207 2896 Sic
222 2834 291 2897 inde
305 2835 364 2898 huc
379 2856 492 2915 ornnes,
508 2852 650 2922 tanquam
662 2840 700 2902 ad
715 2839 979 2915 vivaria,'currunt.

154 2936 226 3010 Qua
241 2937 360 3004 somace
375 2963 489 3023 graves,
506 2942 564 3026 qub
578 2965 637 3006 non
651 2945 759 3008 incude
774 2944 916 3008 catenae?
1067 2947 1130 3008 290
1199 2963 1202 2971 ’
1259 2933 1260 2980 3

152 3039 305 3106 Mammas
319 3044 349 3105 in
365 3044 467 3107 vinclis
482 3044 550 3108 ferri
565 3047 682 3123 modus,
698 3061 730 3110 ut
743 3049 859 3124 timeas,
874 3069 914 3110 ne

150 3143 263 3210 Vomer
279 3147 407 3225 deficiat,
422 3171 460 3212 ne
476 3171 580 3242 rtrarrae
596 3164 625 3213 et
639 3151 755 3213 sarcula
769 3151 875 3214 desint.

148 3247 268 3315 Felices
283 3275 458 3336 proavorum
476 3268 585 3331 atavos,
600 3254 700 3319 selicia
714 3256 797 3320 dicas

938 3109 1070 3203 l'.-‘]..
1117 3175 1123 3194 „

38 3364 41 3371 '
149 3354 276 3430 Saecula,
292 3377 355 3439 quae
372 3359 521 3442 quondam
536 3361 590 3423 sub
605 3361 723 3444 regibus
739 3375 826 3444 atque
841 3360 962 3424 tribunis

145 3447 292 3522 Viderunt
306 3481 364 3523 uno
379 3477 546 3527 contentam
561 3484 683 3528 carcere
699 3465 842 3528 Romam.
1059 3473 1123 3533 295

188 3561 245 3632 His
260 3563 331 3629 alias
344 3577 478 3654 poteram
494 3581 524 3631 et
538 3569 637 3660 plures
651 3569 826 3637 subnectere
842 3591 947 3642 causas
962 3593 970 3642 r
