2532 4008
540 349 661 398 summ
676 349 735 398 XV.

164 497 208 562 Et
221 518 292 561 cum
305 499 464 581 remigibus
479 497 632 580 grunnisse
648 497 802 580 Elpenora
816 495 926 579 porcis.

161 601 243 664 Tam
257 603 343 665 vacui
357 602 460 684 capitis
475 603 617 684 populum
632 601 763 680 Phaeaca
778 597 913 683 putavit?

164 703 218 768 Sic
232 705 334 787 aliquis
348 705 454 767 meritb
469 705 601 765 noudum
617 704 725 779 ebrius,
741 718 772 765 et
786 703 937 766 minimum
953 701 1003 786 qui

163 807 214 870 De
230 808 393 890 Corcyraei
406 821 550 869 temetum
565 806 692 868 duxerat
707 805 802 868 urai:
1099 807 1141 868 2⁵

165 908 255 972 Solus
270 911 348 971 euim
363 911 420 972 hoc
435 909 555 970 Ithacus
569 910 649 970 nullo
664 910 718 970 sub
732 923 807 971 teste
822 909 959 973 canebat.
1008 913 1014 926 “

164 1011 232 1075 Nos
246 1013 379 1075 miranda
394 1014 525 1096 quidem,
541 1013 594 1075 sad
610 1034 704 1095 nuper
718 1014 839 1076 consule
854 1011 946 1073 Junio

165 1113 268 1191 Gesta,
284 1137 372 1199 super
387 1117 495 1178 calidae
509 1115 673 1178 reseremus
687 1117 798 1178 muenia
815 1115 905 1197 Copti
919 1137 929 1193 3

123 1296 127 1302 Ι
165 1217 232 1282 Nos
245 1220 324 1300 vulgi
339 1221 447 1295 scelus,
462 1233 493 1281 et
505 1221 620 1282 cunctis
634 1221 767 1301 graviora
782 1218 941 1282 cothurnis.

166 1320 249 1384 Nam
258 1323 366 1397 scelus,
378 1345 395 1384 a
407 1321 527 1405 Pyrrhi
539 1343 707 1403 quanquam
719 1323 819 1384 omnia
830 1334 960 1402 syrmata
970 1321 1080 1397 volvas,
1104 1325 1145 1382 80

166 1423 275 1487 Nullus
290 1425 366 1507 apud
384 1426 509 1506 tragicos
523 1425 650 1508 populus
666 1425 744 1486 facit.
791 1425 906 1508 Accipe
922 1437 1020 1490 nostro

166 1526 243 1591 Dira
258 1529 337 1612 quod
352 1529 525 1610 exemplum
540 1527 638 1590 feritas
653 1528 827 1610 produxerit
842 1551 916 1590 evo.

209 1631 289 1693 Inter
303 1633 440 1693 finitimos
454 1643 539 1694 vetus
554 1648 642 1714 atque
658 1633 776 1715 antiqua
792 1632 930 1707 simultas,

166 1733 335 1797 Immortale
351 1736 463 1811 odium,
479 1749 509 1797 et
522 1757 671 1820 nunquam
689 1737 818 1799 sanabile
834 1736 937 1797 vulnus

166 1838 263 1901 Ardet
278 1840 376 1902 adhuc
391 1840 507 1922 Coptos
521 1856 552 1902 et
564 1841 710 1921 Tentyra.
757 1840 899 1900 Summus
913 1839 1048 1922 utrinque
1102 1843 1144 1902 85

167 1939 242 2003 Inde
257 1940 338 2004 furor
353 1944 451 2024 vulgo,
468 1943 548 2024 qubd
564 1943 684 2004 numina
697 1944 860 2006 vicinorum

168 2043 243 2106 Odit
255 2059 380 2126 uterque
394 2047 489 2119 locus,
505 2067 595 2126 quum
611 2045 688 2106 solos
702 2045 806 2105 credat
820 2044 974 2107 habendos

168 2146 247 2210 Esse
263 2147 345 2223 deos,
362 2170 436 2230 quos
451 2149 514 2231 ipse
530 2149 609 2211 colit·
657 2147 719 2210 Sed
735 2163 868 2231 tempore
884 2147 960 2212 sesto

168 2250 299 2314 Alterius
313 2251 412 2334 populi
428 2253 569 2336 rapienda
584 2252 703 2314 occasio
718 2253 831 2314 cunctis

168 2352 241 2416 Visa
254 2341 439 2417 inimicorum
451 2357 626 2439 primoribus
641 2378 677 2418 ac
692 2356 826 2431 ducibus,
841 2379 880 2420 uc
1105 2365 1147 2420 40

169 2455 287 2520 Letum
301 2459 484 2541 hilaremque
499 2460 590 2534 diem,
606 2481 643 2520 na
659 2481 772 2540 magna
789 2459 897 2540 gaudia
912 2479 1005 2522 coenae

170 2560 330 2635 Sentirent,
346 2563 444 2642 positis
460 2564 496 2624 ad
512 2563 623 2642 templa
639 2577 668 2624 et
683 2564 813 2646 compita
828 2564 946 2640 mensis,

170 2658 369 2740 Pervigilique
384 2673 458 2734 toro,
474 2683 563 2742 quem
579 2676 665 2722 nocte
681 2684 716 2722 ac
731 2664 798 2723 luce
809 2664 961 2744 jacentem

170 2760 322 2844 Septimus
337 2761 486 2823 interdum
501 2763 544 2824 sol
559 2763 676 2824 invenit.
723 2761 854 2824 Horrida
869 2763 939 2826 sane

170 2863 341 2946 AEgyptus:
364 2864 417 2926 sed
432 2864 559 2939 luxurii,
575 2865 716 2947 quantrim
732 2867 794 2949 ipse
810 2867 917 2942 notavi,
1105 2877 1147 2932 45

171 2965 306 3030 Barbara
321 2966 434 3029 famoso
449 2988 508 3030 non
523 2970 602 3030 cedit
616 2970 700 3031 turba
716 2969 853 3052 Canopo.

171 3070 272 3146 Adde,
289 3070 369 3152 qubd
384 3083 413 3132 at
428 3069 521 3134 facilia
537 3072 657 3133 victoria
673 3072 711 3132 de
727 3072 862 3146 madidis,
878 3087 907 3134 et

171 3171 288 3248 Blaesis,
304 3188 392 3256 atque
407 3196 490 3236 mero
505 3175 704 3236 titubantibus.
749 3173 823 3236 lnde
839 3175 966 3239 virorum

173 3275 302 3340 saltatus
317 3277 399 3357 nigro
413 3277 541 3352 tibicine,
558 3279 773 3360 qualiacunque

171 3374 343 3458 Unguenta,
358 3392 388 3440 et
401 3379 499 3455 floras,
514 3382 670 3464 multaeque
685 3382 714 3442 in
730 3380 824 3442 sronte
839 3403 975 3446 corona:
1108 3391 1149 3446 50

174 3478 256 3544 Hinc
266 3480 402 3570 jejunum
418 3484 518 3546 odium
533 3508 540 3545 :
564 3485 618 3548 sed
628 3485 725 3568 jurgia
741 3484 835 3567 prima
850 3507 955 3550 sonare

524 3595 560 3653 ll
