2534 4022
556 406 766 459 1111111111.
1114 409 1155 475 ω

180 559 296 626 Obvius
310 557 428 624 assiduo
444 556 647 642 Syrophoenix
660 556 738 622 udus
752 576 872 622 amomo

181 663 445 742 0111111,Ιά11111111
462 660 665 746 Syrophoenix
678 662 776 726 incola
788 675 897 746 portae,
1096 662 1158 726 160

133 817 141 822 -
182 767 316 856 Hospitis
331 768 441 832 affectu
457 766 610 830 dominum
624 785 788 849 regemque
802 766 916 843 salutat,

183 873 226 939 Et
240 895 311 939 curn
325 873 422 938 venali
436 870 544 955 Cyane
559 870 710 934 succincta
723 869 839 954 lagena.

228 975 380 1042 Defensor
394 977 489 1062 culpe
504 975 586 1040 dicet
599 975 682 1052 mihi,
697 971 841 1061 Fecimus
854 987 885 1039 et
898 994 953 1038 nos

185 1081 263 1148 Hac
273 1082 411 1168 juvenes.
456 1080 543 1146 Esto.
588 1079 702 1146 Desisti
715 1099 835 1164 nempe,
849 1099 908 1144 nec
921 1079 998 1144 1111111
1135 1157 1143 1168 ,

186 1185 298 1252 Fovisti
312 1208 454 1252 errorem.
498 1186 601 1252 Breve
616 1186 662 1262 sit,
677 1185 757 1270 quod
771 1185 893 1270 turpiter
906 1185 1010 1249 audes.
1101 1187 1161 1250 tos

188 1289 338 1364 Quaedam
352 1313 422 1354 cum
435 1290 533 1375 primia
545 1303 718 1354 resecentur
731 1290 854 1352 crimina
867 1288 970 1354 11111111.

188 1392 315 1476 Indulge
331 1395 447 1457 veniam
461 1394 570 1478 pneris.
615 1393 819 1474 Damasippus
833 1392 873 1455 ad
886 1392 951 1456 illos

190 1495 391 1562 Thermarum
406 1498 516 1562 calices
529 1497 728 1582 inscriptaque
742 1496 831 1560 lintea
845 1496 937 1574 vadit,

191 1599 328 1666 Maturus
343 1603 431 1679 bello,
446 1602 595 1666 Armenia
612 1600 766 1686 Syriaque
780 1601 900 1668 tuendis

193 1707 349 1784 Amnibus,
366 1721 397 1770 et
410 1708 521 1772 Rheno
535 1721 624 1794 atque
637 1706 723 1771 lstro.
769 1705 914 1772 Prestare
929 1706 1085 1776 Neronem
1104 1715 1166 1774 tto

195 1809 344 1874 Securum
357 1812 437 1876 valet
449 1812 514 1876 hec
529 1826 608 1876 etas.
655 1810 742 1876 Mitte
757 1811 853 1888 Ostia,
868 1811 982 1890 Cesar,

194 1912 303 1995 Mitte3
325 1915 379 1978 sed
394 1916 421 1978 in
437 1915 546 1999 magna
558 1917 687 2000 legatum
702 1936 801 2001 quere
816 1917 935 2001 popinr‘a.

195 2017 331 2082 Invenies
345 2019 442 2101 aliquo
456 2041 527 2082 cum
541 2041 715 2101 percussore
725 2021 890 2103 jacentem,

196 2119 385 2184 Permixtum
401 2122 505 2197 nautis,
520 2134 551 2184 et
564 2120 684 2200 furibus,
700 2121 886 2207 refugiens,

197 2223 278 2290 Inter
292 2225 456 2302 carnifices,
472 2239 502 2289 et
515 2225 614 2290 sabros
627 2228 854 2311 sandapilarum,
1110 2241 1170 2302 tta

199 2323 243 2394 Et
255 2330 414 2412 resupinati
427 2331 573 2394 cessantia
585 2344 726 2416 tympana
738 2332 827 2397 Galli.

200 2433 301 2520 AEqua
314 2435 354 2497 ibi
368 2435 496 2510 libertas,
511 2437 681 2498 communia
694 2438 811 2520 pocula,
826 2440 922 2506 lectus

201 2537 273 2602 Non
287 2539 359 2602 alius
374 2538 524 2621 cuiquam,
538 2559 596 2602 nec
612 2559 716 2603 mensa
728 2542 869 2606 remotior
882 2545 943 2608 ulli.

202 2641 286 2714 Quid
301 2640 392 2704 facias
405 2643 496 2704 talem
509 2643 636 2718 sortiare,
652 2642 789 2721 Pontice,
805 2649 949 2712 servum?

203 2744 325 2828 Nempe
341 2744 370 2806 in
385 2743 527 2808 Lucanos
541 2761 592 2807 aut
603 2744 708 2809 Tusca
722 2725 867 2829 ergastula
880 2753 988 2817 mittas.
1113 2764 1175 2824 180

202 2850 321 2927 Atros,
335 2847 623 2934 Trojugene,vobis
637 2849 794 2932 ignoscitis,
810 2867 849 2930 at,
864 2874 929 2939 que

203 2953 321 3038 Turpia
334 2953 466 3028 cardoni,
480 2951 608 3018 Volesos
621 2953 808 3040 Brutumque
822 2957 982 3026 decebtmt.

205 3057 299 3134 Quid,
315 3058 339 3121 si
354 3076 507 3141 nunquam
522 3055 600 3119 adeo
613 3055 702 3121 soedis
715 3060 853 3143 adeoque
868 3065 1015 3146 pudendis
1047 3099 1052 3109 ·

205 3161 325 3226 Utimur
340 3160 495 3246 exemplis,
510 3173 614 3225 utnon
628 3160 730 3246 pejora
743 3165 910 3248 supersint?
1039 3242 1043 3248 ¹

208 3266 400 3352 Consumptis
413 3266 518 3352 opibus
531 3287 649 3344 vocem,
663 3265 859 3354 Damasippo,
874 3271 977 3340 locasti
1118 3285 1177 3347 135

209 3369 337 3452 Sipario,
352 3373 516 3436 clamosum
529 3392 635 3456 ageres
648 3386 682 3436 ut
695 3371 828 3442 Phasma
842 3375 963 3445 caelu.

210 3473 392 3538 Laureolum
405 3477 495 3540 velox
508 3477 598 3542 etiarn
610 3477 689 3541 111111
703 3476 848 3545 Lentulus
862 3481 931 3565 egit,

210 3578 318 3646 Judice
332 3599 393 3658 me,
408 3579 514 3664 dignus
526 3582 599 3648 veri
611 3601 714 3648 cruce·
757 3582 827 3650 Nec
839 3597 940 3651 tamen
953 3585 1008 3672 ipsi
