2534 4022
555 356 683 406 *sumen
698 355 769 404 VIII·
1120 350 1161 408 63
1263 433 1264 438 1

130 540 133 547 -
154 575 161 586 ,
228 503 285 568 His
300 525 357 588 ego
372 524 461 588 quern
475 503 598 566 monui?
619 517 720 566 tecum
736 515 782 566 est
795 500 992 573 mibisermo,
1007 494 1129 559 Rubelli

175 609 311 673 *Blande
355 609 472 672 Tumes
488 609 548 670 alto
560 609 728 672 Drusorum
743 619 909 680 stemmate,
924 617 1065 685 tanquam
1115 604 1158 660 40
1263 639 1264 648 ÷

183 713 307 778 Feceris
320 714 384 798 ipse
400 714 520 797 aliquid,
536 725 656 796 propter
672 712 751 794 quod
765 711 870 773 nobilis
885 729 976 784 esses,

181 817 224 881 Ut
238 832 268 882 te
282 820 469 902 conciperet,
479 838 543 899 quae
559 817 700 901 sanguine
715 814 807 897 fulget
821 814 894 892 luli3
933 837 935 842 ’

181 921 252 986 Non
268 944 332 1006 quae
347 935 470 984 ventoso
485 921 632 984 conducta
647 921 708 984 sub⁴
718 941 826 1002 aggere
841 919 926 981 texit.

178 1023 243 1088 Vos
258 1026 393 1101 humiles,
408 1025 513 1108 inquis,
529 1025 606 1106 vulgi
618 1045 689 1108 pars
704 1025 806 1088 ultima
820 1022 929 1098 nostri,¹

181 1129 319 1204 Quorum
333 1151 423 1192 nemo
439 1143 528 1213 queat
539 1130 666 1213 patriam
682 1141 845 1193 monstrare
860 1127 1011 1212 parentis3
1113 1132 1154 1188 45

178 1235 234 1298 Ast
249 1232 533 1317 egoGeoropidess
561 1233 663 1310 Vives,
680 1245 710 1296 et
723 1233 841 1315 originis
855 1233 942 1316 hujus

179 1338 298 1401 Gaudia
312 1338 399 1422 longa
414 1337 511 1418 seras3
533 1353 633 1401 tamen
647 1337 708 1398 ima
722 1338 809 1419 plebe
825 1335 974 1408 Quiritem

176 1440 356 1504 Facundum
371 1443 524 1504 invenies:
546 1442 620 1503 solet
634 1441 682 1502 hio
698 1439 861 1502 defendere
877 1460 982 1502 causas

174 1545 292 1608 Nobilis
305 1545 426 1608 indocti.
472 1544 581 1608 Veniet
596 1545 633 1606 de
648 1545 736 1628 plebe
751 1543 859 1626 togatis,

172 1649 236 1723 Qui
245 1651 320 1734 juris
335 1651 430 1714 nodos
444 1663 474 1712 et
488 1650 588 1733 legum
603 1649 757 1732 aeuigmata
771 1649 873 1712 solvat.
1110 1655 1150 1712 50

173 1751 235 1817 Hie
249 1755 322 1836 petit
336 1753 510 1838 Euphraten
519 1753 648 1839 juvenis,
665 1753 825 1836 domitique
841 1753 948 1818 Batavi

170 1855 321 1920 Custodes
336 1859 457 1941 aquilas,
473 1858 561 1922 armis
574 1857 754 1934 industrius3
777 1870 806 1919 at
820 1871 851 1922 tu

92 2035 95 2038 Ι
169 1960 231 2036 Nil,
247 1961 300 2024 nisi
315 1961 509 2045 Cecropides,
525 1976 688 2044 truncoque
703 1963 865 2026 simillimus
880 1962 1015 2028 Hermae.

169 2063 262 2127 Nullo
278 2065 386 2146 quippe
403 2065 459 2126 alio
473 2067 565 2128 vineis
580 2065 757 2141 discrimine,
773 2067 861 2149 qubm
877 2067 958 2149 qubd

167 2167 212 2259 llli
227 2188 425 2230 marmoreum
441 2182 530 2251 eaput
544 2182 597 2246 est,
613 2183 662 2234 tua
678 2169 746 2232 vivit
759 2170 868 2254 imago.
1101 2181 1140 2240 55

165 2270 227 2336 Dic
241 2272 322 2350 milri,
337 2271 525 2338 Teucrorum
533 2275 647 2357 proles,
664 2275 800 2339 animalia
814 2291 896 2341 muta

165 2375 243 2449 Quis
257 2397 401 2460 generose
415 2391 507 2464 putet,
523 2379 577 2444 nisi
592 2378 700 2444 sortia?
723 2404 832 2466 nempe
848 2385 998 2448 volucrem

165 2478 217 2543 Sic
233 2481 386 2545 laudamus
402 2504 522 2566 equum,
538 2483 616 2547 sacili
631 2486 678 2547 oui
694 2487 818 2568 plurima
833 2488 932 2570 palma

163 2583 284 2661 Fervet,
301 2599 329 2648 et
344 2587 471 2650 exsultat
484 2609 576 2652 rauco
591 2588 712 2653 victoria
727 2591 830 2656 Circo.

161 2687 279 2750 Nobilis
293 2687 352 2763 hio,
368 2709 545 2772 quoeunque
562 2694 641 2754 venit
656 2695 694 2756 de
709 2698 850 2776 gramine,
867 2699 951 2782 eujus
1093 2708 1133 2765 60
1161 2689 1168 2704 ⁴
1263 2747 1264 2766 r

160 2789 250 2854 Clara
264 2790 335 2876 suga
349 2807 417 2856 aute
432 2795 513 2870 alios,
529 2809 559 2858 et
573 2796 684 2878 primus
698 2797 727 2860 in
743 2820 859 2882 aequore
875 2803 989 2887 pulvis:

160 2896 223 2959 Sed
238 2899 342 2962 venale
356 2920 450 2982 pecus
465 2898 616 2983 Corytbae,
632 2904 786 2986 posteritas
801 2919 831 2969 et

158 2999 287 3084 Hirpini,
302 3001 325 3064 si
341 3023 406 3064 rara
415 3002 490 3085 jugo
504 3005 624 3068 victoria
639 3008 724 3072 sedit.

156 3103 208 3167 Nil
222 3105 260 3167 ibi
275 3105 420 3190 majorum
434 3123 596 3192 respectus,
611 3113 702 3192 gratia
716 3115 795 3176 nulla

40 3245 43 3248 -
154 3205 358 3272 Umbrarum:
381 3212 516 3276 dominos
530 3215 630 3298 pretiis
645 3231 760 3282 mutare
770 3219 910 3304 jubentur

152 3307 289 3394 Exiguis‚
305 3315 429 3399 tritoque
445 3320 560 3383 trahunt
575 3322 725 3405 epirhedia
741 3326 817 3389 collo

154 3413 349 3498 Segnipedes,
365 3421 502 3506 dignique
518 3426 626 3490 molam
642 3449 759 3492 versare
770 3431 906 3516 Nepotis.

151 3516 245 3602 Ergo,
262 3534 294 3584 ut
307 3521 449 3588 miremur
463 3540 503 3603 te,
518 3551 577 3596 non
593 3545 653 3608 tua,
667 3533 794 3616 primum
810 3537 918 3621 aliquid
932 3540 980 3616 da,
