2534 4022
538 370 659 418 sartan
673 369 719 416 VI.
1079 365 1120 422 49

150 523 279 585 Pectora
292 523 436 605 pullorum
452 519 571 582 rimatur
587 532 616 580 et
631 531 701 580 exta
716 515 823 590 catelli,
1059 511 1121 570 435

150 627 298 690 Interdum
314 641 344 688 et
358 626 463 710 pueri:
485 624 583 700 saciet,
599 624 679 706 qnod
695 621 810 684 delerat
823 619 898 702 ipse.

194 731 344 794 Chaldaeis
359 732 412 794 sed
428 731 521 814 major
536 729 590 791 erit
604 728 734 790 fiducia:
757 723 899 808 quidquid
989 715 993 722 ’

151 836 269 897 Dixerit
282 835 466 916 Astrologus,
481 834 605 896 credent
619 855 636 894 a
651 831 733 894 fonte
749 830 872 892 relatum

153 939 351 1018 Hammonis3
374 939 512 1021 quoniam
528 937 655 1020 Delphis
666 935 786 998 oracula
801 943 929 1006 cessant,

153 1043 193 1106 Et
208 1065 302 1126 genus
316 1045 475 1105 humanum
493 1043 612 1105 damnat
627 1041 722 1123 caligo
739 1037 836 1100 futuri.
1062 1037 1125 1094 440

153 1148 326 1230 Praecipuus
340 1161 438 1210 tamen
454 1161 499 1209 est
512 1148 629 1222 horum,
645 1146 695 1228 qui
710 1142 815 1227 saepids
830 1141 925 1214 exsul,

155 1251 249 1335 Cujus
266 1252 395 1314 amicitia
409 1250 665 1332 conducendisque
681 1247 788 1310 tabella

154 1354 281 1436 Magnus
297 1356 368 1416 civis
381 1354 443 1417 obit
458 1369 488 1416 et
502 1354 674 1416 formidatus
689 1351 812 1413 Othoni.

154 1457 229 1519 Inde
244 1459 319 1518 fides
334 1458 396 1534 arti,
412 1457 507 1518 sonuit
522 1457 545 1518 si
561 1456 686 1517 dextera
700 1453 779 1516 serto

155 1559 315 1644 Laetaque,
332 1562 355 1623 si
370 1562 457 1643 longo
470 1575 634 1622 castrorum
645 1560 673 1620 in
689 1579 811 1621 earcere
825 1557 943 1620 mansit.
1062 1561 1125 1618 445

156 1664 256 1726 Nemo
271 1665 496 1727 mathematicus
510 1664 628 1746 genium
643 1663 831 1725 indemnatus
846 1662 985 1725 habebit:

157 1767 220 1830 Sed
236 1769 284 1852 qui
301 1769 383 1852 paene
399 1769 484 1852 perit,
500 1770 548 1831 eui
562 1769 613 1830 vix
627 1769 656 1830 in
672 1767 809 1850 Cyclada
826 1767 899 1829 mitti

157 1869 297 1954 Contigit,
313 1887 342 1934 et
357 1873 447 1955 parati
461 1873 581 1935 tandem
596 1873 725 1934 caruisse
742 1871 880 1953 Seripho.

156 1973 292 2037 Consulit
307 1976 432 2038 ictericae
447 1977 526 2037 lento
541 1976 579 2036 de
595 1974 697 2037 funere
713 1976 823 2048 matris,

156 2078 235 2140 Ante
251 2093 350 2140 tamen
366 2079 405 2139 de
419 2092 459 2153 te,
474 2072 625 2160 Tanaquil
637 2091 705 2138 tua:
729 2070 847 2160 quaudo
863 2098 993 2140 sororem
1064 2083 1127 2140 450

158 2179 274 2244 Efferat
289 2194 317 2242 et
332 2196 469 2265 patruos3
491 2204 527 2242 an
543 2181 578 2243 sit
592 2182 720 2244 victurus
736 2182 850 2245 adulter

158 2285 232 2348 Post
247 2285 362 2368 ipsam?
387 2287 456 2370 quid
471 2287 549 2348 eninr
566 2285 659 2371 majus
675 2287 745 2348 dare
760 2288 881 2350 numina
895 2289 1041 2372 possunt?

202 2389 279 2451 Haee
293 2403 392 2452 tamen
406 2391 521 2472 ignorat
535 2391 604 2472 quid
620 2391 700 2452 sidus
714 2391 793 2453 triste
810 2393 935 2456 minetur

159 2493 286 2568 Saturni,
302 2515 360 2576 quo
373 2494 437 2556 laeta
453 2493 557 2555 Venus
572 2515 603 2556 se
619 2493 748 2576 proferat
762 2509 849 2571 astro,

158 2595 221 2667 Qui
237 2597 344 2657 mensis
359 2597 482 2672 damnis,
498 2619 562 2679 quae
579 2599 683 2659 dentur
697 2612 830 2682 tempora
844 2599 937 2662 luero.
1064 2605 1128 2662 455

158 2698 239 2760 lllius
253 2719 393 2760 occursus
408 2700 497 2760 etiarn
512 2701 603 2760 vitare
618 2716 779 2775 memento,

159 2801 195 2864 ln
209 2802 293 2885 eujus
308 2802 451 2877 manibus,
467 2824 523 2864 eeu
539 2802 657 2885 pinguia
672 2803 801 2878 succina,
816 2803 896 2866 tritas

161 2905 269 2968 Cernis
284 2907 490 2988 ephemeridas
499 2930 509 2986 ;
532 2929 596 2989 qua¹
611 2907 723 2968 nullum
738 2907 871 2983 consulit,
887 2908 990 2992 etjam

161 3009 348 3072 Consulitur:
373 3031 452 3092 quae,
467 3025 563 3072 castra
576 3012 638 3073 viro
653 3012 814 3093 patriamve
828 3025 958 3093 petente,

162 3113 232 3176 Non
246 3114 297 3175 ibit
311 3115 429 3197 pariter,
444 3113 576 3176 numeris
588 3128 727 3176 revocata
741 3113 901 3196 Thrasylli.
1068 3123 1131 3180 460

162 3219 212 3279 Ad
228 3219 353 3300 primum
368 3219 497 3301 lapidem
513 3218 621 3281 vectari
638 3239 728 3300 quum
744 3218 851 3301 placet,
866 3218 939 3282 hora

164 3321 295 3384 Sumitur
311 3344 349 3383 ex
364 3323 456 3384 libro:
478 3323 502 3385 si
516 3323 607 3405 prurit
621 3321 721 3384 frictus
735 3323 821 3386 ocelli

163 3423 310 3506 Angulus,
326 3424 458 3506 inspectit
472 3427 573 3509 genesi
588 3427 710 3508 collyria
724 3427 829 3509 poscit.

163 3529 259 3611 AEgra
273 3528 343 3590 lieet
353 3527 463 3610 jaceat,
479 3532 625 3674 cappendo
640 3531 719 3592 nulla
734 3530 848 3592 videtur
