2532 4008
11 1143 14 1268 l

557 333 679 384 SATIRA
693 333 754 384 xlta

167 481 308 549 Vestibus
322 483 457 558 exentiat,
472 495 511 558 et,
527 483 608 566 qaod
622 493 810 564 superaverat
827 497 930 554 uuum,

169 588 248 652 Velo
263 610 351 672 prora
363 609 438 666 sue;
456 587 521 670 jam
537 585 741 648 dedeientibus
756 584 881 658 Austris,

174 692 252 776 Spes
266 693 329 755 vitae
345 713 415 756 cum
430 691 493 752 sole
507 689 603 751 redit:
625 701 687 748 tum
703 700 801 768 gratus
814 683 891 760 Iulo,

171 796 271 879 Atque
285 793 434 858 novercali
448 793 537 854 sedes
552 791 671 873 prelata
685 789 810 864 Laride,

172 895 360 979 Conspicitur
375 895 505 958 sublimis
520 913 609 972 apex,
625 893 673 954 cni
689 893 817 956 eandida
830 911 941 953 noman
1103 897 1145 950 to

174 999 280 1061 Scrofa
295 999 386 1074 dedit,
401 999 474 1062 letis
487 996 659 1079 Phrygibus
673 996 805 1058 mirabile
820 1017 935 1071 sumen,

171 1101 213 1165 Et
226 1124 375 1185 nunquam
391 1103 459 1164 visis
472 1102 587 1183 triginta
602 1102 682 1164 clara
697 1100 846 1162 mamillis.

171 1205 312 1268 Tandem
326 1206 412 1266 intrat
426 1205 533 1285 positas
547 1205 659 1283 iuuluea
673 1225 727 1284 per
743 1223 866 1284 equora
880 1203 986 1278 moles,

171 1307 423 1389 Tyrrhenamque
438 1305 569 1380 Pharon,
585 1289 781 1386 porreetaque
796 1305 918 1366 brachia
931 1325 1057 1380 rursum,

176 1409 254 1482 Qua
268 1411 375 1491 pelago
389 1421 548 1470 occurrunt
559 1409 668 1482 medio,
683 1407 832 1488 longeque
848 1407 1015 1489 relinquunt
1111 1406 1151 1468 75

175 1511 299 1573 Italiam.
345 1511 416 1572 Non
432 1511 474 1572 sic
490 1511 576 1592 igitur
590 1511 736 1571 mirabere
753 1523 864 1591 portus,
925 1529 927 1536 ’

175 1612 263 1686 Quos
277 1627 380 1675 natura
395 1613 497 1674 dedit:
520 1614 572 1675 sed
586 1611 692 1674 trunca
705 1633 805 1694 puppe
821 1613 959 1696 magister

177 1715 319 1778 interiora
333 1717 405 1799 petit
419 1716 541 1778 Baiana
556 1717 656 1798 pervia
670 1717 786 1797 cymba

177 1818 250 1881 Tuti
264 1833 366 1900 stagna
381 1819 471 1880 sinds.
517 1819 656 1880 Gaudent
670 1819 710 1880 ibi
726 1819 836 1882 vertice
851 1840 918 1882 raso

179 1919 305 1984 Garrula
320 1923 416 1983 securi
430 1941 549 1984 narrare
564 1921 696 2001 pericula
711 1933 818 1982 nautae.

222 2021 267 2084 lte
282 2025 379 2103 igitur,
394 2024 488 2103 pueri,
500 2021 603 2101 linguis
618 2022 781 2100 animisque
797 2021 938 2096 serentes

181 2124 327 2206 Sertaque
343 2124 472 2186 delubris
487 2137 516 2185 et
533 2123 609 2184 sarra
624 2121 765 2203 imponite
781 2123 890 2198 cultris,

179 2228 227 2290 Ac
243 2228 345 2290 molles
358 2241 460 2296 ,ornate
476 2225 558 2288 locos
572 2226 751 2307 glebamque
766 2226 909 2288 virentem
924 2250 932 2288 :

179 2329 247 2392 Jam
263 2351 380 2411 sequar,
396 2344 426 2391 et
440 2351 535 2404 sacro,
552 2329 631 2410 quod
647 2343 773 2410 praestat,
788 2329 842 2390 rite
857 2344 986 2412 peracto,

180 2433 255 2494 Inde
272 2435 397 2494 domum·
408 2446 551 2514 repetam,
566 2432 691 2513 graciles
705 2433 755 2492 ubi
769 2453 860 2513 parva
874 2451 998 2494 coronas
1112 2441 1152 2497 85

180 2536 339 2617 Aceipiunt
354 2534 446 2616 fragili
460 2535 616 2596 simulacra
631 2535 751 2596 nitentia
766 2533 847 2596 cera.

181 2637 244 2698 Hic
258 2649 387 2696 nostrum
402 2637 527 2715 placabo
541 2635 658 2709 Jovem,
674 2637 861 2718 Laribusque
876 2639 1003 2718 paternis

181 2737 286 2800 Thura
302 2736 388 2811 dabo,
405 2749 492 2818 atque
507 2755 610 2796 omnes
625 2736 707 2796 violae
717 2735 837 2818 jactabo
852 2737 978 2800 colores·

183 2841 301 2903 Cuncta
315 2840 424 2900 nitent:
445 2839 548 2920 longos
564 2839 659 2900 erexit
668 2839 759 2921 janua
773 2859 881 2914 ramos,

182 2943 225 3005 Et
239 2943 384 3004 matutinis
399 2955 538 3024 operatur
553 2941 629 3004 festa
644 2943 781 3004 lucernis
1031 2959 1034 2964 ·
1112 2955 1155 3011 9ο

227 3047 295 3108 Nec
309 3059 447 3128 suspecta
461 3044 512 3106 tibi
527 3043 583 3106 sint
596 3045 672 3119 haec,
688 3045 830 3106 Corvine.
877 3045 1021 3124 Catullus,

183 3149 245 3210 Pro
260 3148 344 3230 cujus
358 3148 453 3209 reditu
466 3160 509 3208 tot
524 3167 602 3229 pono
618 3147 727 3222 altaria,
744 3167 850 3230 parvos

184 3251 263 3311 Tres
278 3252 366 3311 habet
379 3250 523 3312 haeredes.
569 3248 659 3312 Libet
676 3264 863 3333 exspectare,
880 3252 944 3335 quis
961 3271 1067 3336 aegram

185 3350 228 3414 Et
242 3351 426 3414 claudentem
440 3353 543 3416 oeulos
557 3353 693 3434 gallinam
709 3354 971 3436 impendatamieo

529 3458 548 3516 9
581 3493 585 3500 .
