<?xml version="1.0" encoding="UTF-8"?>
<!DOCTYPE html PUBLIC "-//W3C//DTD XHTML 1.0 Transitional//EN"
    "http://www.w3.org/TR/xhtml1/DTD/xhtml1-transitional.dtd">
<html xmlns="http://www.w3.org/1999/xhtml" xml:lang="en" lang="en">
 <head>
  <title>
</title>
<meta http-equiv="Content-Type" content="text/html;charset=utf-8" />
  <meta name='ocr-system' content='tesseract 3.04.00' />
  <meta name='ocr-capabilities' content='ocr_page ocr_carea ocr_par ocr_line ocrx_word'/>
</head>
<body>
  <div class='ocr_page' id='page_1' title='image "./djuniijuvenalis09juvegoog_0044.png"; bbox 0 0 2534 4022; ppageno 0'>
   <div class='ocr_carea' id='block_1_1' title="bbox 571 363 751 416">
    <p class='ocr_par' dir='ltr' id='par_1_1' title="bbox 571 363 751 416">
     <span class='ocr_line' id='line_1_1' title="bbox 571 363 751 416; baseline -0.011 -2"><span class='ocrx_word' id='word_1_1' title='bbox 571 363 692 416; x_wconf 76' lang='lat' dir='ltr'>SATIRA</span> <span class='ocrx_word' id='word_1_2' title='bbox 707 366 751 414; x_wconf 86' lang='lat' dir='ltr'>VI.</span> 
     </span>
    </p>
   </div>
   <div class='ocr_carea' id='block_1_2' title="bbox 130 511 1150 3528">
    <p class='ocr_par' dir='ltr' id='par_1_2' title="bbox 130 511 1150 2688">
     <span class='ocr_line' id='line_1_2' title="bbox 178 511 996 596; baseline -0.002 -21"><span class='ocrx_word' id='word_1_3' title='bbox 178 511 303 576; x_wconf 84' lang='lat' dir='ltr'>Pertulit</span> <span class='ocrx_word' id='word_1_4' title='bbox 315 513 430 578; x_wconf 89' lang='lat' dir='ltr'>lonium</span> <span class='ocrx_word' id='word_1_5' title='bbox 445 515 589 578; x_wconf 84' lang='lat' dir='ltr'>constanti</span> <span class='ocrx_word' id='word_1_6' title='bbox 604 527 737 596; x_wconf 81' lang='lat' dir='ltr'>pectore,</span> <span class='ocrx_word' id='word_1_7' title='bbox 753 513 886 596; x_wconf 81' lang='lat' dir='ltr'>quamtis</span> <span class='ocrx_word' id='word_1_8' title='bbox 986 559 996 574; x_wconf 87' lang='lat'><strong><em>.</em></strong></span> 
     </span>
     <span class='ocr_line' id='line_1_3' title="bbox 177 616 903 701; baseline -0.004 -21"><span class='ocrx_word' id='word_1_9' title='bbox 177 616 354 682; x_wconf 86' lang='lat' dir='ltr'>Mutandum</span> <span class='ocrx_word' id='word_1_10' title='bbox 369 619 455 682; x_wconf 89' lang='lat' dir='ltr'>toties</span> <span class='ocrx_word' id='word_1_11' title='bbox 470 632 550 682; x_wconf 87' lang='lat' dir='ltr'>esset</span> <span class='ocrx_word' id='word_1_12' title='bbox 565 640 657 680; x_wconf 85' lang='lat' dir='ltr'>mare.</span> <span class='ocrx_word' id='word_1_13' title='bbox 701 616 786 680; x_wconf 88' lang='lat' dir='ltr'>Justa</span> <span class='ocrx_word' id='word_1_14' title='bbox 802 617 903 701; x_wconf 90' lang='lat' dir='ltr'>pericli</span> 
     </span>
     <span class='ocr_line' id='line_1_4' title="bbox 178 721 1027 807; baseline -0.002 -21"><span class='ocrx_word' id='word_1_15' title='bbox 178 721 210 786; x_wconf 87' lang='lat' dir='ltr'>Si</span> <span class='ocrx_word' id='word_1_16' title='bbox 226 724 300 787; x_wconf 89' lang='lat' dir='ltr'>ratio</span> <span class='ocrx_word' id='word_1_17' title='bbox 314 737 359 787; x_wconf 90' lang='lat' dir='ltr'>est</span> <span class='ocrx_word' id='word_1_18' title='bbox 373 737 403 786; x_wconf 91' lang='lat' dir='ltr'>et</span> <span class='ocrx_word' id='word_1_19' title='bbox 416 725 539 788; x_wconf 88' lang='lat' dir='ltr'>honesta</span> <span class='ocrx_word' id='word_1_20' title='bbox 551 745 560 802; x_wconf 84' lang='lat'>3</span> <span class='ocrx_word' id='word_1_21' title='bbox 583 724 696 800; x_wconf 89' lang='lat' dir='ltr'>timent,</span> <span class='ocrx_word' id='word_1_22' title='bbox 711 723 879 807; x_wconf 89' lang='lat' dir='ltr'>pavidoque</span> <span class='ocrx_word' id='word_1_23' title='bbox 894 723 1027 806; x_wconf 77' lang='lat' dir='ltr'>gelantur</span> 
     </span>
     <span class='ocr_line' id='line_1_5' title="bbox 179 825 962 912; baseline -0.003 -22"><span class='ocrx_word' id='word_1_24' title='bbox 179 825 318 904; x_wconf 84' lang='lat' dir='ltr'>Pectore,</span> <span class='ocrx_word' id='word_1_25' title='bbox 333 851 391 892; x_wconf 89' lang='lat' dir='ltr'>neo</span> <span class='ocrx_word' id='word_1_26' title='bbox 405 829 536 892; x_wconf 86' lang='lat' dir='ltr'>tremulis</span> <span class='ocrx_word' id='word_1_27' title='bbox 551 842 672 912; x_wconf 91' lang='lat' dir='ltr'>possunt</span> <span class='ocrx_word' id='word_1_28' title='bbox 688 829 820 892; x_wconf 84' lang='lat' dir='ltr'>insistere</span> <span class='ocrx_word' id='word_1_29' title='bbox 835 827 962 910; x_wconf 87' lang='lat' dir='ltr'>plantis:</span> 
     </span>
     <span class='ocr_line' id='line_1_6' title="bbox 178 930 1075 1018; baseline 0.001 -24"><span class='ocrx_word' id='word_1_30' title='bbox 178 930 301 995; x_wconf 88' lang='lat' dir='ltr'>Fortem</span> <span class='ocrx_word' id='word_1_31' title='bbox 317 935 445 996; x_wconf 87' lang='lat' dir='ltr'>animum</span> <span class='ocrx_word' id='word_1_32' title='bbox 461 947 601 1018; x_wconf 87' lang='lat' dir='ltr'>praestant</span> <span class='ocrx_word' id='word_1_33' title='bbox 615 935 714 1009; x_wconf 91' lang='lat' dir='ltr'>rebus,</span> <span class='ocrx_word' id='word_1_34' title='bbox 731 954 803 1015; x_wconf 89' lang='lat' dir='ltr'>quas</span> <span class='ocrx_word' id='word_1_35' title='bbox 817 933 940 1015; x_wconf 85' lang='lat' dir='ltr'>turpiter·</span> <span class='ocrx_word' id='word_1_36' title='bbox 956 934 1075 997; x_wconf 88' lang='lat' dir='ltr'>audent.</span> 
     </span>
     <span class='ocr_line' id='line_1_7' title="bbox 179 1037 1150 1123; baseline 0.001 -24"><span class='ocrx_word' id='word_1_37' title='bbox 179 1037 211 1099; x_wconf 92' lang='lat' dir='ltr'>Si</span> <span class='ocrx_word' id='word_1_38' title='bbox 221 1037 326 1122; x_wconf 90' lang='lat' dir='ltr'>jubeat</span> <span class='ocrx_word' id='word_1_39' title='bbox 340 1039 460 1123; x_wconf 87' lang='lat' dir='ltr'>conjux,</span> <span class='ocrx_word' id='word_1_40' title='bbox 475 1039 582 1102; x_wconf 87' lang='lat' dir='ltr'>durum</span> <span class='ocrx_word' id='word_1_41' title='bbox 598 1052 643 1102; x_wconf 89' lang='lat' dir='ltr'>ast</span> <span class='ocrx_word' id='word_1_42' title='bbox 657 1039 862 1103; x_wconf 85' lang='lat' dir='ltr'>conscendere</span> <span class='ocrx_word' id='word_1_43' title='bbox 877 1039 998 1117; x_wconf 82' lang='lat' dir='ltr'>navim3</span> <span class='ocrx_word' id='word_1_44' title='bbox 1108 1044 1150 1100; x_wconf 87' lang='lat'>80</span> 
     </span>
     <span class='ocr_line' id='line_1_8' title="bbox 176 1139 961 1226; baseline 0.003 -24"><span class='ocrx_word' id='word_1_45' title='bbox 176 1139 266 1205; x_wconf 89' lang='lat' dir='ltr'>Tunc</span> <span class='ocrx_word' id='word_1_46' title='bbox 282 1145 394 1206; x_wconf 88' lang='lat' dir='ltr'>sentina</span> <span class='ocrx_word' id='word_1_47' title='bbox 408 1145 515 1226; x_wconf 78' lang='lat' dir='ltr'>gravis,</span> <span class='ocrx_word' id='word_1_48' title='bbox 530 1158 600 1206; x_wconf 91' lang='lat' dir='ltr'>tunc</span> <span class='ocrx_word' id='word_1_49' title='bbox 616 1165 749 1206; x_wconf 86' lang='lat' dir='ltr'>summus</span> <span class='ocrx_word' id='word_1_50' title='bbox 764 1143 885 1206; x_wconf 88' lang='lat' dir='ltr'>vertitur</span> <span class='ocrx_word' id='word_1_51' title='bbox 900 1147 961 1206; x_wconf 79' lang='lat' dir='ltr'>aiir.</span> 
     </span>
     <span class='ocr_line' id='line_1_9' title="bbox 176 1245 1097 1332; baseline 0.001 -23"><span class='ocrx_word' id='word_1_52' title='bbox 176 1245 253 1320; x_wconf 81' lang='lat' dir='ltr'>Quae</span> <span class='ocrx_word' id='word_1_53' title='bbox 269 1249 421 1312; x_wconf 88' lang='lat' dir='ltr'>moechum</span> <span class='ocrx_word' id='word_1_54' title='bbox 436 1250 576 1332; x_wconf 90' lang='lat' dir='ltr'>sequitur,</span> <span class='ocrx_word' id='word_1_55' title='bbox 592 1249 746 1312; x_wconf 82' lang='lat' dir='ltr'>stomacho</span> <span class='ocrx_word' id='word_1_56' title='bbox 760 1249 848 1312; x_wconf 88' lang='lat' dir='ltr'>valet.</span> <span class='ocrx_word' id='word_1_57' title='bbox 893 1247 946 1310; x_wconf 90' lang='lat' dir='ltr'>Illa</span> <span class='ocrx_word' id='word_1_58' title='bbox 961 1251 1097 1311; x_wconf 90' lang='lat' dir='ltr'>maritum</span> 
     </span>
     <span class='ocr_line' id='line_1_10' title="bbox 177 1347 960 1436; baseline 0 -22"><span class='ocrx_word' id='word_1_59' title='bbox 177 1347 356 1414; x_wconf 88' lang='lat' dir='ltr'>Convomit:</span> <span class='ocrx_word' id='word_1_60' title='bbox 371 1355 435 1416; x_wconf 85' lang='lat' dir='ltr'>haec</span> <span class='ocrx_word' id='word_1_61' title='bbox 446 1353 522 1416; x_wconf 89' lang='lat' dir='ltr'>inter</span> <span class='ocrx_word' id='word_1_62' title='bbox 531 1367 636 1416; x_wconf 88' lang='lat' dir='ltr'>nautas</span> <span class='ocrx_word' id='word_1_63' title='bbox 647 1367 677 1416; x_wconf 89' lang='lat' dir='ltr'>et</span> <span class='ocrx_word' id='word_1_64' title='bbox 686 1353 820 1436; x_wconf 76' lang='lat' dir='ltr'>prandet,</span> <span class='ocrx_word' id='word_1_65' title='bbox 837 1368 867 1416; x_wconf 88' lang='lat' dir='ltr'>et</span> <span class='ocrx_word' id='word_1_66' title='bbox 881 1367 960 1416; x_wconf 90' lang='lat' dir='ltr'>errat</span> 
     </span>
     <span class='ocr_line' id='line_1_11' title="bbox 175 1453 975 1540; baseline 0.003 -24"><span class='ocrx_word' id='word_1_67' title='bbox 175 1453 237 1518; x_wconf 89' lang='lat' dir='ltr'>Per</span> <span class='ocrx_word' id='word_1_68' title='bbox 252 1477 395 1539; x_wconf 86' lang='lat' dir='ltr'>puppem,</span> <span class='ocrx_word' id='word_1_69' title='bbox 410 1469 440 1518; x_wconf 89' lang='lat' dir='ltr'>et</span> <span class='ocrx_word' id='word_1_70' title='bbox 454 1457 544 1518; x_wconf 83' lang='lat' dir='ltr'>dtrros</span> <span class='ocrx_word' id='word_1_71' title='bbox 559 1457 668 1540; x_wconf 88' lang='lat' dir='ltr'>gaudet</span> <span class='ocrx_word' id='word_1_72' title='bbox 681 1469 808 1520; x_wconf 86' lang='lat' dir='ltr'>tractare</span> <span class='ocrx_word' id='word_1_73' title='bbox 823 1458 975 1520; x_wconf 89' lang='lat' dir='ltr'>rudentes.</span> 
     </span>
     <span class='ocr_line' id='line_1_12' title="bbox 130 1559 1146 1646; baseline 0.003 -25"><span class='ocrx_word' id='word_1_74' title='bbox 130 1561 138 1578; x_wconf 85' lang='lat'><strong><em>&#39;</em></strong></span> <span class='ocrx_word' id='word_1_75' title='bbox 176 1559 248 1632; x_wconf 78' lang='lat' dir='ltr'>Qua</span> <span class='ocrx_word' id='word_1_76' title='bbox 262 1573 362 1623; x_wconf 87' lang='lat' dir='ltr'>tamen</span> <span class='ocrx_word' id='word_1_77' title='bbox 377 1561 487 1624; x_wconf 86' lang='lat' dir='ltr'>exarsit</span> <span class='ocrx_word' id='word_1_78' title='bbox 501 1560 606 1638; x_wconf 74' lang='lat' dir='ltr'>formal,</span> <span class='ocrx_word' id='word_1_79' title='bbox 622 1561 682 1645; x_wconf 82' lang='lat' dir='ltr'>qut</span> <span class='ocrx_word' id='word_1_80' title='bbox 696 1574 793 1645; x_wconf 90' lang='lat' dir='ltr'>capta,</span> <span class='ocrx_word' id='word_1_81' title='bbox 807 1561 931 1646; x_wconf 74' lang='lat' dir='ltr'>juventii</span> <span class='ocrx_word' id='word_1_82' title='bbox 947 1577 991 1626; x_wconf 89' lang='lat' dir='ltr'>est</span> <span class='ocrx_word' id='word_1_83' title='bbox 1107 1569 1146 1625; x_wconf 76' lang='grc'>85</span> 
     </span>
     <span class='ocr_line' id='line_1_13' title="bbox 177 1663 901 1750; baseline 0.001 -23"><span class='ocrx_word' id='word_1_84' title='bbox 177 1663 314 1749; x_wconf 85' lang='lat' dir='ltr'>Hippia?</span> <span class='ocrx_word' id='word_1_85' title='bbox 336 1666 406 1748; x_wconf 91' lang='lat' dir='ltr'>quid</span> <span class='ocrx_word' id='word_1_86' title='bbox 420 1665 500 1743; x_wconf 89' lang='lat' dir='ltr'>vidit,</span> <span class='ocrx_word' id='word_1_87' title='bbox 516 1681 637 1750; x_wconf 88' lang='lat' dir='ltr'>propter</span> <span class='ocrx_word' id='word_1_88' title='bbox 652 1667 731 1750; x_wconf 90' lang='lat' dir='ltr'>quod</span> <span class='ocrx_word' id='word_1_89' title='bbox 746 1668 827 1730; x_wconf 88' lang='lat' dir='ltr'>ludia</span> <span class='ocrx_word' id='word_1_90' title='bbox 842 1667 901 1730; x_wconf 92' lang='lat' dir='ltr'>dici</span> 
     </span>
     <span class='ocr_line' id='line_1_14' title="bbox 176 1768 989 1856; baseline 0.006 -26"><span class='ocrx_word' id='word_1_91' title='bbox 176 1768 345 1832; x_wconf 84' lang='lat' dir='ltr'>Sustinuit?</span> <span class='ocrx_word' id='word_1_92' title='bbox 367 1791 436 1832; x_wconf 91' lang='lat' dir='ltr'>nam</span> <span class='ocrx_word' id='word_1_93' title='bbox 453 1770 605 1854; x_wconf 81' lang='lat' dir='ltr'>Sergiolus</span> <span class='ocrx_word' id='word_1_94' title='bbox 613 1772 677 1856; x_wconf 90' lang='lat' dir='ltr'>jam</span> <span class='ocrx_word' id='word_1_95' title='bbox 692 1772 799 1835; x_wconf 89' lang='lat' dir='ltr'>radere</span> <span class='ocrx_word' id='word_1_96' title='bbox 815 1785 913 1854; x_wconf 88' lang='lat' dir='ltr'>guttur</span> <span class='ocrx_word' id='word_1_97' title='bbox 985 1797 989 1804; x_wconf 93' lang='lat'><strong>·</strong></span> 
     </span>
     <span class='ocr_line' id='line_1_15' title="bbox 174 1871 972 1961; baseline 0.008 -25"><span class='ocrx_word' id='word_1_98' title='bbox 174 1871 328 1957; x_wconf 87' lang='lat' dir='ltr'>Coeperat,</span> <span class='ocrx_word' id='word_1_99' title='bbox 343 1889 373 1937; x_wconf 90' lang='lat' dir='ltr'>et</span> <span class='ocrx_word' id='word_1_100' title='bbox 387 1889 470 1938; x_wconf 89' lang='lat' dir='ltr'>secto</span> <span class='ocrx_word' id='word_1_101' title='bbox 485 1877 618 1958; x_wconf 87' lang='lat' dir='ltr'>requiem</span> <span class='ocrx_word' id='word_1_102' title='bbox 633 1898 753 1961; x_wconf 89' lang='lat' dir='ltr'>sperare</span> <span class='ocrx_word' id='word_1_103' title='bbox 767 1878 889 1940; x_wconf 89' lang='lat' dir='ltr'>lacerto.</span> <span class='ocrx_word' id='word_1_104' title='bbox 968 1935 972 1942; x_wconf 90' lang='lat'>.</span> 
     </span>
     <span class='ocr_line' id='line_1_16' title="bbox 177 1975 833 2056; baseline 0.006 -18"><span class='ocrx_word' id='word_1_105' title='bbox 177 1975 328 2042; x_wconf 75' lang='lat' dir='ltr'>Praeterea</span> <span class='ocrx_word' id='word_1_106' title='bbox 343 1981 436 2042; x_wconf 87' lang='lat' dir='ltr'>multa</span> <span class='ocrx_word' id='word_1_107' title='bbox 449 1981 480 2041; x_wconf 92' lang='lat' dir='ltr'>in</span> <span class='ocrx_word' id='word_1_108' title='bbox 494 1979 571 2042; x_wconf 86' lang='lat' dir='ltr'>sacia</span> <span class='ocrx_word' id='word_1_109' title='bbox 587 1979 741 2056; x_wconf 82' lang='lat' dir='ltr'>deformia,</span> <span class='ocrx_word' id='word_1_110' title='bbox 757 1981 833 2044; x_wconf 87' lang='lat' dir='ltr'>sient</span> 
     </span>
     <span class='ocr_line' id='line_1_17' title="bbox 173 2081 883 2167; baseline 0.006 -25"><span class='ocrx_word' id='word_1_111' title='bbox 173 2081 296 2144; x_wconf 83' lang='lat' dir='ltr'>Attritus</span> <span class='ocrx_word' id='word_1_112' title='bbox 310 2081 405 2164; x_wconf 71' lang='lat' dir='ltr'>galeri,</span> <span class='ocrx_word' id='word_1_113' title='bbox 419 2082 585 2166; x_wconf 89' lang='lat' dir='ltr'>mediisque</span> <span class='ocrx_word' id='word_1_114' title='bbox 600 2084 629 2144; x_wconf 91' lang='lat' dir='ltr'>in</span> <span class='ocrx_word' id='word_1_115' title='bbox 645 2084 764 2147; x_wconf 92' lang='lat' dir='ltr'>naribus</span> <span class='ocrx_word' id='word_1_116' title='bbox 778 2085 883 2167; x_wconf 88' lang='lat' dir='ltr'>ingens</span> 
     </span>
     <span class='ocr_line' id='line_1_18' title="bbox 174 2183 948 2272; baseline 0.008 -26"><span class='ocrx_word' id='word_1_117' title='bbox 174 2183 299 2262; x_wconf 82' lang='lat' dir='ltr'>Gibbus,</span> <span class='ocrx_word' id='word_1_118' title='bbox 315 2199 345 2248; x_wconf 91' lang='lat' dir='ltr'>et</span> <span class='ocrx_word' id='word_1_119' title='bbox 360 2208 428 2250; x_wconf 90' lang='lat' dir='ltr'>acre</span> <span class='ocrx_word' id='word_1_120' title='bbox 444 2188 556 2250; x_wconf 90' lang='lat' dir='ltr'>malum</span> <span class='ocrx_word' id='word_1_121' title='bbox 572 2209 691 2272; x_wconf 89' lang='lat' dir='ltr'>semper</span> <span class='ocrx_word' id='word_1_122' title='bbox 706 2189 836 2252; x_wconf 90' lang='lat' dir='ltr'>stillantis</span> <span class='ocrx_word' id='word_1_123' title='bbox 851 2192 948 2253; x_wconf 89' lang='lat' dir='ltr'>ocelli.</span> 
     </span>
     <span class='ocr_line' id='line_1_19' title="bbox 173 2288 957 2378; baseline 0.009 -26"><span class='ocrx_word' id='word_1_124' title='bbox 173 2288 236 2352; x_wconf 90' lang='lat' dir='ltr'>Sed</span> <span class='ocrx_word' id='word_1_125' title='bbox 250 2291 393 2374; x_wconf 90' lang='lat' dir='ltr'>gladiator</span> <span class='ocrx_word' id='word_1_126' title='bbox 408 2306 489 2356; x_wconf 91' lang='lat' dir='ltr'>erat:</span> <span class='ocrx_word' id='word_1_127' title='bbox 514 2291 585 2357; x_wconf 90' lang='lat' dir='ltr'>sacit</span> <span class='ocrx_word' id='word_1_128' title='bbox 598 2294 656 2357; x_wconf 92' lang='lat' dir='ltr'>hoc</span> <span class='ocrx_word' id='word_1_129' title='bbox 671 2295 735 2357; x_wconf 89' lang='lat' dir='ltr'>illos</span> <span class='ocrx_word' id='word_1_130' title='bbox 751 2293 957 2378; x_wconf 86' lang='lat' dir='ltr'>Hyacinthos;</span> 
     </span>
     <span class='ocr_line' id='line_1_20' title="bbox 132 2389 930 2482; baseline 0.008 -27"><span class='ocrx_word' id='word_1_131' title='bbox 132 2429 135 2436; x_wconf 69' lang='lat'>,</span> <span class='ocrx_word' id='word_1_132' title='bbox 171 2389 241 2457; x_wconf 89' lang='lat' dir='ltr'>Hoc</span> <span class='ocrx_word' id='word_1_133' title='bbox 255 2396 365 2479; x_wconf 90' lang='lat' dir='ltr'>pueris,</span> <span class='ocrx_word' id='word_1_134' title='bbox 380 2397 549 2481; x_wconf 85' lang='lat' dir='ltr'>patriaeque,</span> <span class='ocrx_word' id='word_1_135' title='bbox 564 2398 623 2461; x_wconf 91' lang='lat' dir='ltr'>hoc</span> <span class='ocrx_word' id='word_1_136' title='bbox 638 2399 761 2482; x_wconf 84' lang='lat' dir='ltr'>praetulit</span> <span class='ocrx_word' id='word_1_137' title='bbox 775 2400 823 2462; x_wconf 89' lang='lat' dir='ltr'>illa</span> <span class='ocrx_word' id='word_1_138' title='bbox 839 2402 930 2463; x_wconf 89' lang='lat' dir='ltr'>sorori</span> 
     </span>
     <span class='ocr_line' id='line_1_21' title="bbox 169 2498 1120 2588; baseline 0.011 -27"><span class='ocrx_word' id='word_1_139' title='bbox 169 2498 270 2581; x_wconf 88' lang='lat' dir='ltr'>Atque</span> <span class='ocrx_word' id='word_1_140' title='bbox 285 2500 369 2562; x_wconf 85' lang='lat' dir='ltr'>viro:</span> <span class='ocrx_word' id='word_1_141' title='bbox 391 2499 501 2563; x_wconf 86' lang='lat' dir='ltr'>serrum</span> <span class='ocrx_word' id='word_1_142' title='bbox 518 2515 572 2578; x_wconf 89' lang='lat' dir='ltr'>est,</span> <span class='ocrx_word' id='word_1_143' title='bbox 586 2503 665 2585; x_wconf 94' lang='lat' dir='ltr'>quod</span> <span class='ocrx_word' id='word_1_144' title='bbox 677 2517 786 2566; x_wconf 89' lang='lat' dir='ltr'>amant.</span> <span class='ocrx_word' id='word_1_145' title='bbox 832 2502 893 2566; x_wconf 90' lang='lat' dir='ltr'>Hic</span> <span class='ocrx_word' id='word_1_146' title='bbox 906 2503 1028 2588; x_wconf 84' lang='lat' dir='ltr'>Sergius</span> <span class='ocrx_word' id='word_1_147' title='bbox 1038 2508 1120 2570; x_wconf 89' lang='lat' dir='ltr'>idem</span> 
     </span>
     <span class='ocr_line' id='line_1_22' title="bbox 168 2601 1141 2688; baseline 0.013 -25"><span class='ocrx_word' id='word_1_148' title='bbox 168 2601 306 2685; x_wconf 67' lang='lat' dir='ltr'>Accepta</span> <span class='ocrx_word' id='word_1_149' title='bbox 319 2604 393 2666; x_wconf 92' lang='lat' dir='ltr'>rude</span> <span class='ocrx_word' id='word_1_150' title='bbox 408 2607 548 2688; x_wconf 88' lang='lat' dir='ltr'>coepisset</span> <span class='ocrx_word' id='word_1_151' title='bbox 561 2605 689 2671; x_wconf 87' lang='lat' dir='ltr'>Veiento</span> <span class='ocrx_word' id='word_1_152' title='bbox 703 2609 853 2672; x_wconf 82' lang='lat' dir='ltr'>viderl.--</span> <span class='ocrx_word' id='word_1_153' title='bbox 1101 2619 1141 2676; x_wconf 82' lang='lat'>95</span> 
     </span>
    </p>

    <p class='ocr_par' dir='ltr' id='par_1_3' title="bbox 166 2701 1114 3005">
     <span class='ocr_line' id='line_1_23' title="bbox 214 2701 1114 2796; baseline 0.017 -31"><span class='ocrx_word' id='word_1_154' title='bbox 214 2701 421 2788; x_wconf 89' lang='lat' dir='ltr'>Hippomanes</span> <span class='ocrx_word' id='word_1_155' title='bbox 436 2729 617 2792; x_wconf 86' lang='lat' dir='ltr'>carmenque</span> <span class='ocrx_word' id='word_1_156' title='bbox 631 2713 746 2794; x_wconf 88' lang='lat' dir='ltr'>loquar,</span> <span class='ocrx_word' id='word_1_157' title='bbox 761 2729 940 2796; x_wconf 89' lang='lat' dir='ltr'>coctumque</span> <span class='ocrx_word' id='word_1_158' title='bbox 955 2738 1114 2793; x_wconf 87' lang='lat' dir='ltr'>venenum,</span> 
     </span>
     <span class='ocr_line' id='line_1_24' title="bbox 168 2807 956 2898; baseline 0.013 -27"><span class='ocrx_word' id='word_1_159' title='bbox 168 2807 366 2893; x_wconf 87' lang='lat' dir='ltr'>Privignoque</span> <span class='ocrx_word' id='word_1_160' title='bbox 382 2811 509 2874; x_wconf 86' lang='lat' dir='ltr'>datum?</span> <span class='ocrx_word' id='word_1_161' title='bbox 555 2811 682 2878; x_wconf 86' lang='lat' dir='ltr'>Faciunt</span> <span class='ocrx_word' id='word_1_162' title='bbox 697 2817 831 2898; x_wconf 86' lang='lat' dir='ltr'>graviora</span> <span class='ocrx_word' id='word_1_163' title='bbox 846 2833 956 2880; x_wconf 78' lang='lat' dir='ltr'>coacte</span> 
     </span>
     <span class='ocr_line' id='line_1_25' title="bbox 166 2910 924 3005; baseline 0.013 -30"><span class='ocrx_word' id='word_1_164' title='bbox 166 2910 296 2997; x_wconf 88' lang='lat' dir='ltr'>Imperio</span> <span class='ocrx_word' id='word_1_165' title='bbox 310 2915 410 2992; x_wconf 82' lang='lat' dir='ltr'>sextis,</span> <span class='ocrx_word' id='word_1_166' title='bbox 426 2917 639 3003; x_wconf 79' lang='lat' dir='ltr'>minimumque</span> <span class='ocrx_word' id='word_1_167' title='bbox 654 2921 773 2985; x_wconf 88' lang='lat' dir='ltr'>libidine</span> <span class='ocrx_word' id='word_1_168' title='bbox 787 2938 924 3005; x_wconf 90' lang='lat' dir='ltr'>peccant.</span> 
     </span>
    </p>

    <p class='ocr_par' dir='ltr' id='par_1_4' title="bbox 164 3016 1137 3528">
     <span class='ocr_line' id='line_1_26' title="bbox 210 3016 914 3102; baseline 0.014 -24"><span class='ocrx_word' id='word_1_169' title='bbox 210 3016 332 3100; x_wconf 90' lang='lat' dir='ltr'>Optima</span> <span class='ocrx_word' id='word_1_170' title='bbox 347 3020 400 3080; x_wconf 91' lang='lat' dir='ltr'>sed</span> <span class='ocrx_word' id='word_1_171' title='bbox 416 3041 507 3102; x_wconf 91' lang='lat' dir='ltr'>quare</span> <span class='ocrx_word' id='word_1_172' title='bbox 522 3022 682 3100; x_wconf 85' lang='lat' dir='ltr'>Cesennia,</span> <span class='ocrx_word' id='word_1_173' title='bbox 697 3039 772 3088; x_wconf 90' lang='lat' dir='ltr'>teste</span> <span class='ocrx_word' id='word_1_174' title='bbox 787 3026 914 3091; x_wconf 86' lang='lat' dir='ltr'>marito?</span> 
     </span>
     <span class='ocr_line' id='line_1_27' title="bbox 166 3121 1137 3212; baseline 0.014 -28"><span class='ocrx_word' id='word_1_175' title='bbox 166 3121 221 3186; x_wconf 90' lang='lat' dir='ltr'>Bis</span> <span class='ocrx_word' id='word_1_176' title='bbox 236 3125 394 3207; x_wconf 88' lang='lat' dir='ltr'>quingenta</span> <span class='ocrx_word' id='word_1_177' title='bbox 409 3124 491 3188; x_wconf 88' lang='lat' dir='ltr'>dedit</span> <span class='ocrx_word' id='word_1_178' title='bbox 503 3148 512 3204; x_wconf 81' lang='lat'><em>3</em></span> <span class='ocrx_word' id='word_1_179' title='bbox 534 3126 605 3190; x_wconf 88' lang='lat' dir='ltr'>tanti</span> <span class='ocrx_word' id='word_1_180' title='bbox 619 3141 706 3190; x_wconf 89' lang='lat' dir='ltr'>vocat</span> <span class='ocrx_word' id='word_1_181' title='bbox 719 3129 768 3191; x_wconf 86' lang='lat' dir='ltr'>ille</span> <span class='ocrx_word' id='word_1_182' title='bbox 782 3131 922 3212; x_wconf 87' lang='lat' dir='ltr'>pudicam</span> <span class='ocrx_word' id='word_1_183' title='bbox 935 3155 945 3209; x_wconf 84' lang='lat'>3</span> <span class='ocrx_word' id='word_1_184' title='bbox 1078 3141 1137 3198; x_wconf 90' lang='grc'>100</span> 
     </span>
     <span class='ocr_line' id='line_1_28' title="bbox 165 3226 1065 3319; baseline 0.017 -31"><span class='ocrx_word' id='word_1_185' title='bbox 165 3226 234 3290; x_wconf 90' lang='lat' dir='ltr'>Nee</span> <span class='ocrx_word' id='word_1_186' title='bbox 249 3227 375 3292; x_wconf 89' lang='lat' dir='ltr'>Veneris</span> <span class='ocrx_word' id='word_1_187' title='bbox 389 3231 532 3313; x_wconf 90' lang='lat' dir='ltr'>pharetris</span> <span class='ocrx_word' id='word_1_188' title='bbox 547 3253 648 3295; x_wconf 89' lang='lat' dir='ltr'>macer</span> <span class='ocrx_word' id='word_1_189' title='bbox 663 3246 716 3310; x_wconf 90' lang='lat' dir='ltr'>est,</span> <span class='ocrx_word' id='word_1_190' title='bbox 732 3248 783 3296; x_wconf 89' lang='lat' dir='ltr'>aut</span> <span class='ocrx_word' id='word_1_191' title='bbox 796 3235 934 3319; x_wconf 89' lang='lat' dir='ltr'>lampade</span> <span class='ocrx_word' id='word_1_192' title='bbox 952 3236 1065 3303; x_wconf 86' lang='lat' dir='ltr'>servet:</span> 
     </span>
     <span class='ocr_line' id='line_1_29' title="bbox 164 3325 865 3422; baseline 0.017 -31"><span class='ocrx_word' id='word_1_193' title='bbox 164 3325 239 3392; x_wconf 75' lang='lat' dir='ltr'>Indis</span> <span class='ocrx_word' id='word_1_194' title='bbox 251 3331 333 3396; x_wconf 81' lang='lat' dir='ltr'>seces</span> <span class='ocrx_word' id='word_1_195' title='bbox 348 3335 471 3415; x_wconf 88' lang='lat' dir='ltr'>ardent;</span> <span class='ocrx_word' id='word_1_196' title='bbox 493 3338 613 3400; x_wconf 89' lang='lat' dir='ltr'>veniunt</span> <span class='ocrx_word' id='word_1_197' title='bbox 628 3360 645 3400; x_wconf 92' lang='lat' dir='ltr'>a</span> <span class='ocrx_word' id='word_1_198' title='bbox 661 3339 729 3401; x_wconf 89' lang='lat' dir='ltr'>dote</span> <span class='ocrx_word' id='word_1_199' title='bbox 745 3340 865 3422; x_wconf 83' lang='lat' dir='ltr'>sagittae.</span> 
     </span>
     <span class='ocr_line' id='line_1_30' title="bbox 165 3433 867 3528; baseline 0.014 -30"><span class='ocrx_word' id='word_1_200' title='bbox 165 3433 303 3498; x_wconf 89' lang='lat' dir='ltr'>Libertas</span> <span class='ocrx_word' id='word_1_201' title='bbox 318 3439 443 3502; x_wconf 87' lang='lat' dir='ltr'>emitur:</span> <span class='ocrx_word' id='word_1_202' title='bbox 465 3443 566 3504; x_wconf 79' lang='lat' dir='ltr'>coriam</span> <span class='ocrx_word' id='word_1_203' title='bbox 582 3442 653 3506; x_wconf 88' lang='lat' dir='ltr'>licet</span> <span class='ocrx_word' id='word_1_204' title='bbox 664 3444 765 3506; x_wconf 90' lang='lat' dir='ltr'>innuat</span> <span class='ocrx_word' id='word_1_205' title='bbox 779 3457 867 3528; x_wconf 87' lang='lat' dir='ltr'>atque</span> 
     </span>
    </p>
   </div>
   <div class='ocr_carea' id='block_1_3' title="bbox 164 3539 961 3711">
    <p class='ocr_par' dir='ltr' id='par_1_5' title="bbox 164 3539 961 3711">
     <span class='ocr_line' id='line_1_31' title="bbox 164 3539 961 3632; baseline 0.011 -29"><span class='ocrx_word' id='word_1_206' title='bbox 164 3539 334 3616; x_wconf 88' lang='lat' dir='ltr'>Rescribat,</span> <span class='ocrx_word' id='word_1_207' title='bbox 349 3542 437 3606; x_wconf 84' lang='lat' dir='ltr'>vidua</span> <span class='ocrx_word' id='word_1_208' title='bbox 452 3559 506 3622; x_wconf 87' lang='lat' dir='ltr'>est,</span> <span class='ocrx_word' id='word_1_209' title='bbox 520 3548 655 3630; x_wconf 88' lang='lat' dir='ltr'>locuples</span> <span class='ocrx_word' id='word_1_210' title='bbox 670 3569 734 3632; x_wconf 88' lang='lat' dir='ltr'>quae</span> <span class='ocrx_word' id='word_1_211' title='bbox 749 3550 848 3632; x_wconf 89' lang='lat' dir='ltr'>nupsit</span> <span class='ocrx_word' id='word_1_212' title='bbox 863 3569 961 3612; x_wconf 86' lang='lat' dir='ltr'>avaro.</span> 
     </span>
     <span class='ocr_line' id='line_1_32' title="bbox 505 3657 526 3711; baseline 0 0"><span class='ocrx_word' id='word_1_213' title='bbox 505 3657 526 3711; x_wconf 84' lang='lat'><strong>4</strong></span> 
     </span>
    </p>
   </div>
   <div class='ocr_carea' id='block_1_4' title="bbox 0 0 1272 4022">
    <p class='ocr_par' dir='ltr' id='par_1_6' title="bbox 0 0 1272 4022">
     <span class='ocr_line' id='line_1_33' title="bbox 0 0 1272 4022; baseline 0 4"><span class='ocrx_word' id='word_1_214' title='bbox 0 0 1272 4022; x_wconf 95' lang='lat' dir='ltr'> </span> 
     </span>
    </p>
   </div>
  </div>
 </body>
</html>
