2532 4008
494 361 497 368 ·
564 335 685 385 summ
700 335 747 384 ru.
1104 331 1146 393 93

173 483 342 567 Quisquam
357 485 420 559 erit,
435 497 465 546 et
480 505 597 567 magno.
643 483 749 556 Quum
763 502 880 568 posces,
895 499 987 564 pnscc¹
1002 476 1118 542 Ladnb.

119 603 122 608 ’
172 586 259 650 Idem
273 588 390 652 habitus
405 589 528 664 eunctis,
542 589 618 650 tonsi
632 589 764 671 rectique
780 587 888 671 capilli,

173 691 274 775 Atque
288 693 379 754 hodie
393 691 506 754 tantdm
521 707 640 776 propter
655 693 787 754 convivia
801 693 883 775 pexi.
1086 690 1147 748 150

173 795 304 859 Pastoris
319 797 384 859 duri
399 797 448 860 hic
463 811 508 859 est
520 797 606 872 iilius,
622 797 669 859 ille
683 797 814 860 bubulci.

174 899 310 982 Suspirat
323 902 411 983 longo
426 923 484 962 non
498 901 590 963 visam
604 914 738 984 ternpore
754 915 889 976 matrem,

174 1002 216 1066 Et
230 1005 362 1068 casulam
377 1019 407 1068 et
421 1018 505 1068 notos
518 1006 605 1068 tristis
620 1006 769 1069 desiderat
782 1006 881 1068 haedos

174 1107 298 1191 lngenui
312 1108 408 1170 vulttis
423 1131 496 1192 puer
510 1110 687 1193 ingenuique
701 1111 833 1194 pudoris,

175 1210 290 1284 Quales
305 1235 370 1276 esse
386 1214 484 1289 decet,
500 1235 573 1296 quos
588 1216 695 1276 ardens
709 1237 839 1298 purpure
852 1215 994 1278 vestit—
1086 1217 1146 1274 155

177 1314 207 1376 H
211 1316 239 1376 io
253 1316 304 1377 tibi
319 1318 386 1378 vina
396 1318 489 1392 dabit,
505 1317 611 1378 diffusa
624 1319 653 1378 in
668 1318 814 1380 montibus
828 1319 892 1392 illis,

176 1421 207 1481 A
221 1420 326 1502 quibus
340 1421 403 1502 ipse
416 1421 506 1496 venit,
522 1441 648 1502 quorum
662 1423 716 1483 sub
730 1422 841 1484 vertice
856 1422 944 1484 lusit:

176 1523 318 1607 Namque
333 1546 391 1586 una
407 1538 495 1607 atque
510 1525 617 1587 eadem
632 1539 677 1587 est
690 1525 749 1586 vini
764 1526 855 1608 patria
871 1539 958 1608 atque
973 1524 1149 1590 ministri.—

178 1627 248 1690 Non
264 1628 343 1710 capit
356 1629 410 1690 has
424 1647 518 1710 nugas
532 1629 649 1692 humilis
665 1630 780 1694 domus.
824 1631 936 1694 Audiat
949 1629 998 1692 ille

176 1729 336 1794 Tartarum
351 1733 482 1816 crepitus
495 1755 564 1796 cum
579 1734 684 1810 verbis,
699 1736 812 1798 nudum
826 1735 906 1798 olido
919 1749 1000 1800 stans
1088 1737 1148 1795 160

178 1833 307 1900 Fornice
323 1839 504 1920 mancipium
519 1839 624 1919 quibus
639 1839 781 1916 abstinet3
803 1839 851 1902 illc
866 1837 978 1902 fruatur

176 1937 309 2002 Vocibus
324 1939 471 2002 obscoenis
484 1942 624 2023 omnique
638 1942 764 2004 libidinis
778 1956 850 2018 arte,

178 2041 241 2115 Qui
256 2042 520 2106 Lacedaemonium
537 2043 692 2125 pytismate
706 2045 830 2106 lubricat
844 2046 969 2108 orbem:
1058 2095 1065 2105 .

179 2144 320 2227 Namque
335 2145 374 2207 ibi
391 2145 528 2228 Fortuna
544 2147 660 2230 veniam
675 2140 794 2212 damusss
835 2148 913 2212 Alea
926 2149 1028 2232 turpis,

178 2247 283 2333 Turpe
299 2264 329 2314 et
344 2251 517 2314 adulterium
532 2253 741 2321 mediocribus.
787 2253 864 2319 Hac
878 2255 985 2318 eadem
999 2254 1039 2318 illi
1089 2258 1148 2318 165

180 2352 290 2416 Onmia
306 2375 397 2438 quum
412 2354 529 2432 faciant,
545 2357 653 2420 hilares
667 2359 807 2442 nitidique
823 2373 974 2423 vocantur.
1062 2374 1064 2378 ’

181 2456 291 2520 Nostra
306 2459 417 2521 dabunt
430 2460 501 2521 alios
516 2460 604 2522 lrodie
619 2447 752 2525 convibia
766 2463 873 2525 ludos:

181 2559 328 2626 Conditor
342 2564 450 2626 iliados
464 2565 637 2642 cantabitur,
652 2581 739 2650 atque
755 2567 886 2631 Maronis

182 2665 307 2726 Altisoni
322 2666 440 2726 dubiam
456 2665 594 2729 facientia
608 2671 739 2732 carmina
754 2673 895 2754 palmam.

182 2766 265 2840 Quid
281 2766 380 2843 refert,
396 2769 468 2831 tales
482 2789 584 2834 versus
599 2771 659 2854 qud
673 2793 747 2834 vnce
761 2773 916 2856 legantur?
1093 2783 1153 2838 170

228 2871 290 2932 Sed
304 2894 382 2934 nunc
397 2873 492 2936 dilatis
508 2889 606 2936 averte
622 2877 738 2958 negotia
753 2878 842 2955 curis,

184 2973 226 3037 Et
239 2989 352 3057 gratam
368 2978 501 3059 requiem
517 2979 594 3040 dona
608 2981 668 3054 tibi,
684 2982 802 3063 quando
817 2984 916 3047 licebit

183 3079 244 3142 Per
258 3093 349 3144 totam
364 3089 488 3144 cessare
498 3081 578 3144 diem
588 3103 603 3142 a
619 3093 683 3148 nou?
692 3082 812 3149 foenoris
826 3087 883 3148 ulla

183 3183 307 3260 Montio,
322 3205 389 3261 nec,
404 3184 499 3268 primi
514 3185 618 3273 siluae
634 3199 761 3268 egressa,
778 3190 883 3254 reverti
951 3248 953 3258 ,
1099 3263 1102 3268 Δ

184 3287 284 3350 Nocte
301 3289 382 3368 solet,
398 3291 485 3356 tacito
496 3291 589 3356 :bilem
604 3292 656 3360 tibi
670 3295 822 3358 contrahat
836 3311 968 3362 uxot.—
1092 3277 1152 3377 17'5

184 3391 333 3455 Protenus
348 3408 413 3457 ante
430 3405 541 3470 meum,
557 3397 699 3479 quidquid
715 3398 804 3474 dolet,
819 3421 897 3467 exue
913 3403 1022 3468 limen:
1133 3429 1136 3438 ·

185 3495 271 3560 Pone
287 3497 410 3560 domum
424 3512 455 3562 et
468 3511 578 3576 cerasos²
592 3515 624 3564 et·
637 3502 779 3585 quidquid
794 3502 933 3588 frangitur
946 3507 1010 3585 illis,
1099 3523 1102 3533 '
1138 3527 1142 3536 ’
