2534 4022
608 357 731 414 SATIRA
746 357 767 414 Ῑ.
1161 365 1180 421 5

202 512 457 596 Quandoquidem
472 511 546 575 inter
560 535 614 576 nos
629 503 812 578 sanctissima
826 511 1002 574 Divitiarum

192 617 365 700 *Majestast
388 617 452 694 atsi,
468 616 582 680 funesta
596 617 741 694 Pecunia,
756 618 867 701 templo
1117 619 1176 678 105
1256 601 1257 610 ¹

203 720 347 784 Nondum
362 722 486 798 habitas,
502 723 595 785 nullas
610 744 798 784 nummorum
811 723 961 784 ereximus
976 741 1052 797 aras,

202 823 248 888 Ut
261 827 365 889 colitur
380 825 459 903 Pax,
475 841 562 911 atque
578 825 681 904 Fides,
695 825 837 902 Victoria,
852 825 963 902 Virtus,

188 925 343 1014 'Quaque
358 933 482 994 salutato
496 933 620 1014 crepitat
634 931 804 995 Concordia
818 917 898 994 nido.

212 1034 312 1098 asad
329 1057 420 1119 quum
436 1058 569 1100 summus
584 1037 677 1098 honor
692 1037 772 1100 finito
787 1051 938 1120 computet
953 1059 1040 1114 anuo,

205 1137 344 1223 Sportula
360 1141 430 1223 quid
452 1141 571 1217 reserat,
587 1155 727 1224 quantum
742 1143 902 1205 rationibus
917 1143 1028 1222 addat3
1118 1149 1179 1206 110

203 1241 289 1315 Quid
301 1243 410 1306 sacient
422 1245 559 1320 comites,
575 1246 680 1328 quibus
694 1247 763 1308 hinc
777 1263 856 1329 toga,
869 1248 989 1310 calceus
1004 1247 1071 1310 ltine
1087 1263 1140 1322 est,

201 1343 248 1410 Et
262 1349 355 1430 panis,
371 1347 528 1432 sumusque
544 1349 650 1412 domi?
673 1350 857 1412 Densissima
872 1366 993 1413 centum

204 1447 398 1522 Quadrantes
412 1453 515 1514 lectica
532 1454 613 1534 petit,
627 1453 817 1537 sequiturque
834 1454 970 1517 maritum

204 1551 372 1636 Languida,
387 1557 434 1618 vel
450 1577 617 1639 praegnans,
633 1572 663 1620 et
677 1558 907 1622 circumducitur
922 1581 1006 1623 uxor.

204 1655 267 1720 Hic
281 1659 354 1741 petit
369 1660 491 1736 absenti,
507 1659 578 1722 notri
586 1661 650 1744 jam
666 1662 790 1725 callidus
805 1679 877 1740 arte,
1092 1675 1095 1678 ’
1119 1677 1129 1731 1
1144 1677 1179 1732 15

204 1759 376 1826 Ostendens
391 1783 519 1826 vacuam
534 1780 566 1829 et
579 1767 710 1830 clausam
726 1790 780 1851 pro
794 1769 920 1854 conjuge
937 1772 1049 1836 sellam.

205 1864 293 1927 Galla
307 1887 375 1930 mea
391 1881 445 1944 est,
460 1869 561 1953 inquit.
608 1871 704 1936 Citius
719 1873 843 1937 dimitte.
891 1875 1039 1940 Moraris?

204 1965 323 2046 Proser,
339 1971 435 2049 Galla,
451 1987 550 2057 eaput.
596 1976 667 2038 Noli
682 1999 792 2040 vexare
805 2002 815 2057 3
830 1981 964 2062 quiescit.

247 2072 317 2154 Ipse
332 2075 396 2137 dies
411 2078 535 2158 pulchro
550 2078 732 2162 distinguitur
746 2083 849 2145 ordine
865 2105 984 2147 rerum:

205 2174 353 2261 Sportula,
370 2179 478 2242 deinde
493 2180 599 2260 lorum,
614 2183 747 2268 jurisque
762 2187 873 2270 peritus
887 2190 1006 2274 Apollo,
1122 2203 1179 2260 120

203 2282 303 2366 Atque
319 2283 520 2368 triumphales,
533 2288 607 2351 iuter
622 2311 696 2373 quas
711 2312 799 2355 ausus
810 2293 921 2358 habere

202 2385 317 2450 Nescio
332 2389 397 2472 quis
411 2391 508 2454 titulos
522 2391 682 2477 AEgyptius
697 2410 785 2482 atque
800 2399 1047 2470 Arabarches.—

201 2485 364 2556 Vestibulis
380 2495 488 2558 abeunt
502 2511 618 2560 veteres
631 2499 757 2584 lassique
773 2506 895 2572 clientes

201 2591 340 2680 Votaque
355 2599 516 2683 deponunt,
533 2625 699 2690 quanquam
715 2609 880 2694 longissima
897 2636 990 2680 coenae

204 2698 283 2782 Spes
296 2701 418 2766 homini.
463 2705 576 2770 Caules
591 2712 703 2773 miseris
717 2728 805 2796 atque
820 2718 894 2799 ignis
909 2724 1064 2788 emendus.
1116 2735 1175 2795 125
1256 2775 1257 2782 1

201 2803 323 2888 Optima
336 2807 473 2871 silvarum
489 2811 600 2874 interea
615 2814 771 2899 pelagique
787 2822 898 2884 vorabit

201 2907 273 2973 Rex
288 2909 404 2988 horum,
419 2915 579 2998 vacuisque
594 2919 664 2982 toris
678 2921 792 2986 tantiam
808 2923 869 3008 ipse
879 2927 1001 3012 jacebit.

200 3009 282 3074 Nam
297 3014 337 3078 de
352 3028 395 3078 tot
410 3018 539 3098 pulchris
553 3035 582 3084 et
596 3023 661 3086 latis
675 3027 793 3092 orbibus
809 3045 912 3095 ettam

200 3116 336 3200 Antiquis
352 3119 411 3181 unit
425 3123 586 3186 comeduut
600 3129 774 3209 patrimonia
789 3136 903 3198 meusd.

197 3217 305 3284 Nullus
313 3223 377 3306 jam
393 3227 535 3308 parasitus
551 3231 605 3293 erit
619 3233 626 3294 1
650 3232 712 3296 Sed
729 3237 793 3319 quis
807 3236 883 3302 serat
896 3242 964 3308 istas
1109 3263 1170 3325 130
1256 3229 1257 3322 l

197 3321 337 3390 Luxuria
352 3331 479 3394 sordes?
502 3331 623 3406 Quanta
638 3353 682 3400 est
696 3341 773 3424 gula,
789 3362 853 3425 quae
869 3347 921 3408 sibi
936 3363 1012 3416 totos

198 3424 287 3490 Ponit
302 3452 398 3512 apros,
414 3436 520 3498 animal
536 3455 655 3524 propter
669 3445 801 3508 convivia
817 3456 938 3520 natum!
