2534 4022
579 379 702 430 SATlRA
717 381 763 429 Vl.
1113 375 1154 432 39

223 535 331 611 Parce,
344 555 458 618 precor,
475 531 577 606 Peon,
593 545 623 592 et
637 545 678 606 tu,
695 529 774 604 Dea,
791 547 868 612 pone
883 524 1022 608 sagittas3
1094 521 1153 581 135

181 641 231 703 Nil
246 640 328 724 pueri
344 638 462 712 fuciunt,
478 637 573 718 ipsam
589 635 727 716 conligite
743 632 889 695 matrem!

181 745 330 828 Amphion
346 744 474 805 clamat:
497 739 550 801 sed
566 737 657 800 Paeun
673 738 818 800 contrahit
832 757 946 798 arcum.

182 849 296 912 Extulit
312 870 382 931 ergo
398 869 503 930 greges
520 861 654 908 natorum
670 843 824 926 ipsumque
841 853 1004 924 parentem,
1039 837 1042 842 ’

182 953 265 1016 Dum
281 955 333 1016 sibi
348 953 471 1015 nobilior
486 951 609 1013 Lutonae
626 965 713 1032 gente
728 949 854 1023 videtur,

183 1059 281 1141 Atque
298 1058 405 1119 eadem
417 1055 515 1119 seroib
530 1056 629 1120 Niobe
646 1053 811 1116 foecundior
827 1051 903 1114 albi.
1097 1051 1157 1109 rto

182 1161 259 1235 Quae
275 1161 344 1224 tanti
361 1161 497 1244 gravitas,
514 1182 577 1244 quae
594 1159 699 1235 forma,
715 1173 747 1221 ut.
761 1179 793 1221 se
808 1157 858 1220 tibi
875 1175 993 1239 semper

181 1264 335 1350 lmputet?
381 1263 480 1348 Hujus
496 1266 575 1326 enim
591 1265 648 1327 rari
664 1265 829 1346 summique
844 1263 980 1344 voluptas

183 1369 275 1432 Nulla
289 1368 369 1444 boni,
385 1369 499 1450 quoties
515 1369 612 1430 animo
628 1381 765 1450 corrupta
780 1368 909 1449 superbo

182 1471 256 1534 Plus
272 1472 362 1547 aloes,
378 1471 467 1554 quim
482 1472 588 1547 mellis,
604 1471 703 1535 habet.
750 1470 827 1544 Quis
843 1469 959 1532 deditus
975 1482 1073 1532 autem

181 1573 286 1660 Usque
301 1575 379 1638 adei)
394 1591 449 1652 est,
464 1589 568 1638 utnon
583 1575 673 1651 illam,
690 1595 778 1659 quam
793 1575 930 1638 laudibus
945 1574 1047 1651 efforts
1101 1579 1157 1636 145

182 1679 323 1756 Horreat,
339 1682 428 1764 inque
444 1681 522 1743 diem
539 1681 668 1764 septenis
683 1679 780 1743 oderit
793 1678 896 1743 horis?

225 1784 373 1858 Quaedam
388 1807 479 1869 parva
494 1786 625 1870 quidem,
642 1785 694 1849 sed
710 1807 769 1849 non
783 1785 936 1848 toleranda
951 1785 1071 1848 maritis.

181 1889 263 1952 Nam
279 1891 349 1972 quid
364 1891 521 1966 rancidius,
537 1892 626 1974 qudm
642 1891 721 1974 qubd
737 1911 843 1954 senon
860 1903 942 1974 putat
957 1891 1015 1953 ulla

182 1993 438 2069 Formosam-nisi
454 2015 519 2077 quae
536 1996 574 2058 de
588 1995 693 2058 Tuscb
708 1993 847 2057 Graecula
863 1995 941 2057 sacta
957 1995 1024 2058 est?

180 2095 232 2164 De
249 2097 437 2160 Sulmonensi
452 2119 535 2160 meru
550 2096 724 2181 Cecropis?
769 2097 882 2160 Omnia
897 2097 1022 2174 Graece,
1063 2115 1066 2119 '
1100 2104 1160 2161 150

182 2202 286 2276 Quum
303 2202 339 2264 sit
354 2215 439 2285 turpe
455 2200 548 2285 magis
563 2203 668 2266 nostris
682 2203 799 2267 nescire
815 2203 935 2267 Latine.

165 2337 169 2345 ·
183 2306 253 2370 Hoc
268 2328 405 2370 sermone
420 2322 538 2390 pavent,
555 2309 613 2370 boo
628 2309 712 2386 irem,
729 2310 848 2393 gaudia,
864 2331 961 2397 curas,

182 2409 253 2474 Hoc
269 2425 376 2474 cuncta
392 2412 544 2474 effundunt
560 2413 647 2474 animi
663 2430 789 2478 secretu.
835 2413 921 2487 Quid
935 2416 1010 2479 ultre
1022 2416 1080 2478 ,Ρ-

226 2515 258 2577 Si
273 2516 323 2578 tibi
338 2515 474 2598 legitimis
489 2530 606 2598 pactam
618 2517 813 2603 junctamque
829 2519 943 2582 tabellis

181 2619 252 2683 Non
268 2641 300 2683 es
315 2634 474 2696 amaturus,
491 2621 620 2683 ducendi
636 2624 715 2686 nulla
730 2625 846 2686 videtur
1099 2631 1156 2688 155

182 2722 305 2802 Causu3
328 2745 384 2786 nec
400 2737 455 2799 est,
471 2746 562 2808 quare
577 2745 696 2789 coenam
712 2743 742 2790 et
756 2744 909 2790 mustacea
924 2731 1041 2813 perdes,
1078 2769 1081 2774 ·

182 2826 319 2890 Lubente
334 2828 444 2903 officio,
460 2829 560 2892 crudis
576 2829 736 2911 donanda3
759 2853 816 2894 nec
832 2832 913 2908 illud,

181 2929 274 3004 Quod
290 2932 384 3014 prime
398 2953 452 3016 pro
467 2948 555 2997 nocte
572 2935 667 3012 datur,
684 2958 775 3020 quum
791 2938 877 3000 lance
892 2937 982 3000 beatis
1087 2919 1098 2934 ‘

179 3034 324 3111 Dacicus,
342 3049 371 3098 et
385 3037 494 3120 scripto
508 3038 604 3101 radiat
618 3041 817 3105 Germanicus
833 3067 914 3109 uuro.

180 3139 213 3202 Si
228 3139 278 3201 tibi
294 3139 463 3222 simplicitas
478 3143 592 3219 uxorin,
610 3142 728 3206 deditus
744 3145 793 3206 uni

71 3333 74 3340 .
181 3241 238 3304 Est
253 3243 386 3322 animus;
408 3247 545 3309 submitte
561 3262 651 3330 caput
664 3251 782 3312 cervice
797 3253 901 3334 parati

182 3343 278 3408 Ferre
288 3345 415 3428 jugum:
437 3351 547 3412 nullam
563 3351 704 3430 invenies,
721 3375 784 3437 quae
800 3371 903 3440 parcat
918 3361 1038 3422 amanti.

179 3447 295 3512 Ardent
305 3448 367 3531 ipsa
382 3451 461 3528 licet,
476 3457 626 3520 tormentis
642 3459 752 3540 gaudet
768 3461 892 3524 amantis

180 3551 223 3618 Et
239 3553 348 3642 spoliis.
366 3567 368 3579 ·
393 3553 484 3644 Igitur
498 3559 584 3648 longe
601 3561 697 3626 minus
712 3563 788 3632 utilis
803 3565 842 3630 illi
