2532 4008
569 308 692 359 sartan
706 305 782 358 xlta.
1108 301 1157 360 lttt

198 461 262 524 Sed
278 461 302 523 si
317 472 424 522 cuneta
438 457 521 520 vides
534 457 620 520 simili
635 449 946 538 sanarent—querela,
1106 445 1169 506 lssb

199 563 243 638 Si,
252 563 361 650 decies
375 563 460 625 lectis
472 560 592 624 diuersi
606 573 688 642 parte
702 558 827 632 tabellis,
933 626 937 632 ¹

197 663 284 728 Vana
300 666 475 750 supervacui
490 665 591 727 dicunt
605 663 799 744 chirographa
813 661 892 742 ligni,

197 770 303 852 Arguit
316 771 447 853 ipsorum
462 791 535 851 quos
550 769 654 844 littera,
669 786 847 850 gemmaque
862 765 1000 848 princeps

199 871 439 954 sardonychum,
455 873 557 935 loculis
572 894 640 955 qaae
656 871 818 934 custoditur
833 869 973 932 eburnis:

196 973 287 1051 Teu'‚
303 999 321 1038 o
336 977 478 1040 delicias!
503 990 587 1040 extra
598 977 772 1040 communia
786 997 893 1039 censes
1111 972 1171 1032 rto

198 1079 401 1143 Ponendum?
447 1080 511 1154 Qut
524 1096 555 1144 tu
571 1081 682 1164 gallinae
697 1081 774 1144 filius
787 1082 871 1155 alba,
1174 1080 1178 1084 ’

199 1183 265 1246 Nos
279 1185 351 1248 viles
365 1185 436 1266 pulli
450 1187 509 1247 nati
521 1183 687 1247 ¹infelicibus
700 1185 786 1246 ovis?

200 1285 281 1348 Rem
296 1289 404 1370 pateris
420 1289 569 1350 modicam
583 1283 771 1348 etmediocri
785 1286 844 1356 bile
858 1283 1022 1356 serendam,

201 1393 234 1457 Si
251 1393 354 1456 flectas
368 1392 470 1454 oculos
485 1391 598 1474 majora
611 1390 650 1452 ad
667 1389 799 1452 crimina.
845 1383 960 1448 Confer

196 1495 392 1560 Conductum
408 1495 561 1568 latronem,
575 1493 714 1555 incendia
729 1489 837 1582 sulfure
852 1502 953 1570 ooepta
1112 1489 1171 1550 rte

199 1601 299 1682 Atque
315 1599 393 1673 dolo,
409 1597 518 1680 primos
532 1617 623 1679 quum
634 1595 728 1679 janua
742 1594 850 1676 colligit
861 1593 966 1674 ignem

158 1763 162 1772 ,
199 1701 313 1764 Confer
328 1715 358 1764 et
372 1702 436 1776 bos,
452 1701 557 1762 veteris
573 1701 622 1784 qui
637 1699 739 1762 tollunt
753 1696 874 1780 grandia
888 1694 991 1778 templi

200 1803 316 1868 Pocula
330 1804 486 1867 adoranda
501 1803 652 1884 rubiginis,
666 1815 698 1864 et
712 1802 889 1883 populorum

199 1907 298 1985 Dona,
314 1911 361 1972 vel
377 1911 495 1992 antiquo
509 1910 618 1992 positas
633 1931 652 1972 a
666 1931 737 1991 rege
747 1929 886 1973 coronas.

200 2013 277 2076 Haec
292 2013 332 2074 ibi
346 2013 370 2075 si
384 2033 442 2072 non
458 2025 533 2086 sunt,
548 2013 644 2074 minor
659 2025 755 2072 exstat
769 2013 938 2092 sacrilegus
954 2012 1005 2094 qui
1113 2013 1174 2074 too

201 2113 304 2178 Radat
317 2095 439 2178 inaurali
455 2101 551 2178 lemur
566 2114 706 2178 Herculis
720 2129 751 2178 et
764 2114 871 2178 faciem
887 2115 983 2199 ipsam

203 2219 354 2303 Neptuni3
376 2221 427 2302 qui
441 2219 623 2282 bracteolam
639 2220 678 2282 de
694 2219 820 2282 Castore
832 2221 936 2286 ducat.

201 2324 250 2385 An
266 2323 387 2400 dubitet,
403 2324 503 2388 solitus
518 2337 611 2386 totum
625 2323 756 2386 conflare
771 2323 966 2388 Tonantem?

202 2420 315 2488 Confer
330 2441 360 2488 et
374 2428 501 2489 artifices
516 2441 773 2509 mercatoremque
784 2426 904 2502 ueneni,

202 2529 245 2592 Fr
260 2531 473 2592 deducendum
484 2531 572 2602 'corio
586 2531 668 2593 bovis
683 2531 712 2592 in
726 2552 819 2606 mare,
835 2543 905 2594 curn
921 2551 981 2615 quo
1114 2535 1174 2596 aab

202 2631 359 2694 Clauditur
375 2633 504 2694 adversis
518 2633 640 2694 innoxia
655 2635 740 2696 simia
754 2635 829 2697 fatis.

202 2733 282 2799 Haec
299 2731 388 2820 quota
403 2758 471 2818 pars
486 2736 642 2812 scelerum,
658 2757 722 2819 quae
738 2750 837 2800 custos
851 2737 986 2802 Gallicus
1000 2736 1091 2802 Urbis

200 2839 305 2922 Usque
322 2862 339 2902 a
353 2839 485 2914 lucifero,
501 2839 598 2902 donec
613 2841 666 2902 lux
680 2841 808 2916 occidat,
825 2841 930 2905 audit?

202 2943 335 3008 Humani
351 2943 466 3026 generis
480 2964 578 3006 mores
592 2945 642 3006 tibi
657 2944 744 3008 nbsse
759 2945 867 3008 volenti

199 3047 319 3112 Sufficit
334 3069 393 3109 una
406 3047 525 3108 domus.
571 3045 691 3108 Paucos
706 3067 849 3108 consume
866 3050 939 3125 dies,
956 3066 986 3113 et
1117 3053 1178 3114 tto

202 3151 315 3215 Dicere
331 3165 360 3214 te
377 3151 528 3224 miserum,
539 3162 696 3232 postquam
711 3149 788 3212 illinc
803 3153 929 3228 veneris,
945 3155 1033 3219 aude.

204 3252 281 3326 Quis
295 3253 439 3318 tumidum
455 3267 551 3336 guttur
566 3254 728 3317 miratorio
743 3253 895 3338 Alpibus?
919 3271 968 3322 aut
983 3259 1048 3343 quis

202 3357 237 3420 In
255 3356 360 3418 Meroe
376 3379 478 3420 crasso
493 3356 635 3441 majorem
649 3356 760 3420 asenne
775 3359 962 3422 mamillam?

206 3458 323 3528 Caerula
332 3460 404 3548 *quis
419 3461 527 3542 stupuit
540 3460 685 3527 Gennani
698 3461 941 3536 latinianum
