2534 4022
129 347 169 406 58
430 343 463 390 n.
479 341 777 394 Juurrtuvuumrs

125 489 167 554 Et
181 503 281 554 tamen
296 501 341 551 est
355 489 408 552 illis
422 491 479 553 hoc
495 491 583 553 utile:
606 511 735 573 purpura
750 487 849 552 vendit
1038 489 1095 546 135

121 593 330 668 Causidicum,
346 595 476 656 vendunt
491 595 706 676 amethystina:
728 593 864 656 convenit
877 592 932 655 illis

124 697 166 760 Et
180 699 310 780 strepitu,
327 711 357 760 et
372 697 448 760 facie
463 698 580 782 majoris
595 699 693 760 vivere
709 695 827 760 censius.

124 801 187 864 Sed
202 801 293 864 finem
308 802 447 884 impensae
463 825 522 864 nou
537 815 632 864 servat
647 802 769 883 prodiga
785 801 895 863 Roma.

122 903 257 969 Fidimus
273 907 414 988 eloquio?
460 905 600 970 Ciceroni
616 926 704 966 nemo
720 906 864 968 ducentos

120 1008 211 1071 Nunc
227 1009 342 1072 dederit
355 1029 500 1084 nummos,
516 1010 569 1072 nisi
584 1008 697 1071 fulserit
711 1008 834 1070 annulus
849 1009 960 1091 iugens.
1031 1013 1091 1071 140

120 1111 256 1192 Respicit
270 1113 335 1175 haec
350 1114 487 1196 primbm,
504 1114 552 1196 qui
568 1113 668 1194 litigat,
684 1135 721 1174 an
736 1112 786 1174 tibi
801 1113 877 1174 servi

119 1215 209 1293 Oct0,
225 1219 333 1280 decem
348 1219 480 1293 comites,
498 1239 533 1279 an
548 1230 657 1299 postte
675 1216 757 1290 sella,
772 1217 861 1298 togati

117 1320 197 1382 Ante
211 1322 316 1402 pedes.
361 1321 435 1384 Ideo
450 1321 597 1384 conducta
611 1320 733 1383 Paullus
749 1321 854 1400 agebat

118 1422 322 1506 Sardonycha,
338 1438 425 1507 atque
440 1425 508 1486 ideo
523 1425 613 1507 pluris
628 1423 717 1506 quam
733 1422 846 1487 Cossus
864 1426 979 1506 agebat,

116 1524 219 1598 Quam
233 1526 360 1590 Basilus.
407 1527 533 1595 Raraiu
548 1527 627 1589 tenui
642 1526 781 1591 facundie
795 1549 902 1610 panno.
1024 1535 1084 1592 145

115 1627 247 1702 Quando
261 1631 331 1692 licet
345 1627 446 1692 Basilo
461 1630 581 1694 flentem
596 1633 761 1714 producere
776 1632 926 1696 matrem?

115 1730 192 1806 Quis
206 1735 283 1796 bene
299 1735 448 1796 dicentem
463 1734 598 1798 Basilum
613 1737 709 1800 ferat?
754 1738 891 1826 Accipiat
904 1749 933 1806 te

114 1835 221 1913 Gallia,
237 1838 284 1900 vel
298 1837 395 1920 potiris
409 1839 551 1902 nutricula
566 1842 783 1907 causidicorum

112 1938 224 2016 Africa,
240 1942 264 2004 si
278 1941 387 2024 placuit
402 1947 574 2010 mercedem
589 1969 700 2032 ponere
715 1950 831 2031 lingua.

90 2037 92 2042 ’
154 2045 335 2111 Declamare
350 2049 467 2114 doces?
513 2052 543 2114 Ο
558 2051 655 2118 ferrea
668 2068 790 2137 pectora
804 2052 903 2130 Vecti,
1019 2059 1080 2116 150

110 2148 215 2223 Quum
230 2153 345 2235 perimit
359 2175 452 2222 saevos
467 2157 566 2224 classis
580 2179 737 2224 numerosa
751 2173 888 2239 tyrannos
902 2160 909 2219 Ξ

108 2252 190 2324 Nam
205 2278 387 2343 quacunque
403 2262 510 2325 sedens
525 2261 617 2322 modo
631 2262 753 2342 legerat,
767 2261 831 2322 haec
847 2261 954 2322 eadem
969 2274 1048 2324 stans

108 2365 255 2442 Proseret,
271 2379 358 2449 atque
374 2367 481 2428 eadem
496 2365 625 2428 cantabit
638 2363 770 2426 versibus
782 2362 889 2425 isdem.

106 2470 227 2536 Occidit
241 2472 364 2536 miseros
379 2472 500 2536 crambe
515 2469 639 2554 repetita
652 2467 815 2550 magistros.

107 2578 183 2651 Quis
194 2580 283 2654 color,
296 2591 325 2640 et
336 2577 415 2659 quod
427 2577 463 2636 sit
473 2593 568 2635 causa
580 2593 682 2654 genus,
694 2585 782 2654 atque
794 2571 842 2635 ubi
854 2593 971 2636 summa
1019 2576 1077 2633 [aa

106 2681 247 2758 Quaestio,
264 2701 328 2764 quae
342 2677 460 2740 veniant
474 2677 595 2740 diversae
611 2676 685 2751 sorte
701 2677 820 2759 sagitta,

104 2786 137 2850 N
138 2787 204 2849 bsse
219 2785 308 2846 velint
322 2803 435 2858 omnes,
452 2783 625 2844 mercedem
640 2782 754 2844 solvere
768 2802 869 2843 nemo.

103 2887 280 2952 Mercedem
295 2883 450 2966 appellas?
474 2885 543 2965 quid
559 2885 637 2946 enim
653 2883 740 2945 scio?
786 2882 886 2966 Culpa
901 2884 1035 2948 docentis

41 3041 43 3046 .
106 2989 229 3052 Scilicet
244 2987 381 3068 arguitur,
397 2986 475 3070 quod
492 2985 566 3048 laeva
580 2987 609 3048 in
623 3001 707 3070 parte
722 2988 858 3050 mamillae

102 3092 155 3156 Nil
169 3091 234 3154 salit
248 3091 397 3153 Arcadico
407 3090 518 3176 juveni,
534 3092 618 3176 cujus
633 3093 703 3154 mibi
719 3094 806 3154 sexta
1012 3095 1075 3152 too

101 3193 231 3277 Quaque
247 3195 295 3256 die
310 3195 451 3258 miserum
466 3196 546 3256 dirus
560 3209 650 3278 caput
665 3194 812 3257 Hannibal
826 3197 948 3278 impletj

100 3293 255 3380 Quidquid
269 3299 298 3360 id
315 3311 369 3373 est,
385 3298 423 3358 de
440 3317 498 3379 quo
514 3297 666 3374 deliberat,
684 3319 719 3361 au
735 3311 817 3381 petat
830 3299 946 3363 Urbem

98 3405 129 3467 A
143 3401 266 3476 Cannis,
281 3423 318 3462 an
333 3414 399 3483 post
413 3400 527 3462 nimbos
542 3414 572 3462 et
583 3399 703 3464 fulmina
717 3416 821 3464 cautus

11 3597 13 3599 Ι
99 3505 292 3599 circumagat
305 3505 441 3574 madidas
456 3527 474 3570 a
487 3518 663 3598 tempestate
678 3507 826 3574 cohortes.
