2532 4008
550 339 672 392 SATIRA
687 337 760 390 ΧΠ.

525 594 687 658 SATIRA
711 589 798 656 xlv.

182 781 328 846 Puerum
342 795 418 858 sunt,
433 781 576 857 Fuscine,
592 795 622 843 et
636 779 718 844 samir
731 781 819 862 digna
833 777 956 852 sinistri,

182 887 220 949 Et
233 888 329 950 nitidis
344 886 491 948 maculam
506 887 656 950 haesuram
672 885 790 967 figentia
804 884 904 959 rebus,

181 989 253 1064 Quae
270 1004 431 1055 monstrent
445 990 499 1074 ipsi
514 991 613 1073 pueris
627 989 803 1072 traduntque
818 1000 968 1072 parentes.

179 1095 210 1157 Si
225 1097 368 1160 damnosa
382 1117 486 1159 senem
495 1095 581 1179 juvat
595 1097 671 1170 alea,
686 1095 760 1156 ludit
774 1107 804 1156 et
817 1087 917 1156 iiaeres

176 1199 321 1277 Bullatus‚
336 1219 487 1284 parvoque
503 1202 611 1264 eadem
627 1214 727 1262 movet
741 1220 824 1260 arma
838 1195 945 1260 fritillo.

176 1303 246 1366 Nec
260 1305 365 1367 melius
380 1307 419 1380 de
434 1327 467 1368 se
481 1305 622 1386 cuiquam
637 1324 757 1385 sperare
772 1302 937 1383 propinquo

177 1405 336 1470 Concedet
349 1409 479 1490 juvenis,
495 1409 545 1489 qui
559 1408 664 1468 radere
680 1407 784 1468 tubere
798 1418 893 1478 terrae,

176 1509 318 1572 Boletum
334 1513 465 1587 condire,
482 1526 512 1574 et
526 1512 635 1574 eodem
645 1511 714 1594 jure
731 1523 865 1572 natantes

177 1613 317 1697 Mergere
332 1615 474 1681 ficedulas
489 1615 600 1692 didicit,
615 1615 763 1678 nebulone
778 1627 912 1697 parente,

177 1718 220 1782 Et
234 1719 311 1782 conti
326 1735 504 1784 monstrante
520 1720 598 1804 gulfi.
645 1719 749 1793 Quum
765 1720 907 1804 septimus
922 1737 1016 1782 eunus
1114 1721 1152 1776 10

176 1824 340 1889 Transierit
353 1847 456 1910 puero,
471 1827 603 1888 nondum
618 1826 698 1887 omni
714 1825 804 1886 deute
819 1825 932 1900 renato,

179 1927 327 1992 Barbatus
341 1930 411 1991 licet
426 1930 587 1992 admoveas
602 1929 681 1991 mille
696 1929 765 1990 inde
780 1929 944 2012 magistros,

179 2031 260 2094 Hinc
274 2034 409 2108 totidem,
424 2011 618 2113 cupiet'lauto
633 2051 754 2091 coenare
769 2044 873 2113 paratu
940 2081 952 2104 ,

180 2135 318 2219 Semper,
333 2147 364 2198 et
379 2157 396 2197 a
411 2135 520 2218 magnai
533 2156 592 2197 non
607 2135 790 2218 degenerare
805 2133 914 2198 culina.

178 2237 285 2302 Mitem
301 2240 430 2302 animum
446 2254 475 2302 et
490 2261 589 2302 mores
603 2240 728 2302 modicis
743 2240 888 2303 erroribus
903 2257 1004 2324 aequos
1115 2245 1151 2300 15

178 2342 326 2428 Praecipit‚
342 2359 429 2428 atque
445 2347 556 2409 animas
572 2366 724 2408 servorum
739 2360 770 2408 et
783 2365 910 2429 corpore
923 2343 1023 2409 nostre

178 2445 306 2510 Materid
320 2463 454 2512 constare
469 2463 551 2532 putat
565 2450 741 2532 paribusque
757 2449 931 2523 elementis3

179 2552 229 2612 An
244 2553 344 2613 saevire
361 2553 449 2615 docet
464 2551 592 2630 Rutilus,
609 2553 657 2636 qui
673 2553 785 2636 gaudet
799 2553 909 2615 acerbo

179 2652 340 2735 Plagarum
356 2656 487 2736 strepitu,
503 2669 533 2714 et
546 2656 656 2716 nullam
673 2657 779 2717 Sirena
793 2655 916 2736 flagellis

180 2755 354 2840 comparat,
370 2756 544 2839 Antiphates
559 2757 666 2840 trepidi
680 2757 757 2831 laris,
774 2778 810 2818 ao
824 2755 1052 2840 Polyphemus?
1111 2763 1153 2818 20

93 2909 97 2914 .
179 2860 262 2924 Tum
278 2860 359 2936 selis,
376 2861 489 2945 quoties
504 2861 607 2944 aliquis
621 2874 731 2923 tortore
746 2875 853 2924 vocato

179 2963 281 3026 Uritur
297 2965 410 3026 ardenti
426 2964 485 3026 duo
499 2978 619 3048 propter
633 2965 720 3028 lintea
736 2964 826 3029 ferro.

180 3067 263 3140 Quid
279 3068 383 3131 suadet
392 3067 494 3152 juveni
508 3067 591 3128 laetus
605 3067 728 3130 stridore
744 3080 867 3143 catenae,

181 3170 284 3245 Quem
298 3173 371 3234 mire
387 3173 518 3234 afficiunt
531 3173 670 3254 iuscripta
685 3171 840 3254 ergastula,
855 3191 960 3237 carcer

186 3273 344 3337 Rusticus?
390 3275 570 3359 Exspectare,
586 3289 617 3339 ut
631 3298 690 3340 non
704 3276 741 3340 sit
755 3276 888 3339 adultera
903 3275 1009 3361 Larga
1110 3283 1152 3339 25

192 3376 268 3453 iilia,
280 3399 344 3460 quae
359 3401 509 3464 nunquam
525 3393 673 3445 maternos
688 3382 788 3445 dicere
804 3382 940 3444 moechos

182 3479 262 3546 Tam
277 3482 346 3559 eitd,
361 3505 418 3548 nec
433 3497 513 3550 tanto
527 3487 634 3570 poterit
648 3499 809 3550 contexere
825 3506 924 3560 cursu,

527 3595 568 3649 10
