2534 4022
573 347 695 400 samua
711 349 756 398 lv.

165 501 367 586 Temporibus
382 499 450 564 diris
464 499 617 563 tractanda
631 501 753 584 putabat
767 499 871 566 inermi

165 587 291 670 lustitia
335 603 426 668 Venit
441 617 470 667 et
485 603 583 688 Crispi
593 605 727 689 jucunda
743 617 889 679 senectus,

165 711 260 796 Cujus
275 723 360 774 erant
373 731 482 786 mores,
498 709 591 792 qualis
606 707 755 785 facundia,
771 711 842 772 ruite

163 815 329 899 Ingenium.
374 812 471 876 Maria
487 809 521 876 ac
536 826 629 876 terras
644 815 828 898 populosque
843 814 955 898 regenti

163 917 242 992 Quis
255 940 358 982 comes
373 919 479 994 utilior,
495 919 521 980 si'
533 918 621 980 clade
636 932 667 980 ct
680 932 765 1001 peste
780 921 834 982 sub
849 917 899 980 illd

164 1023 317 1088 Saevitiam
333 1024 474 1086 damnare
489 1036 520 1086 et
533 1023 690 1086 honestum
707 1023 812 1086 afferre
827 1023 930 1086 liceret

150 1127 353 1212 Consilium?
399 1128 460 1190 Sed
477 1127 547 1211 quid
563 1128 716 1192 violentius
732 1150 803 1192 aure
817 1127 943 1212 tyranni,

162 1232 243 1296 Cum
259 1255 317 1317 quo
333 1234 371 1296 de
386 1233 500 1317 pluviis,
517 1247 566 1296 aut
581 1234 706 1310 aestibuS,
723 1251 774 1296 aut
788 1234 923 1298 nimboso

160 1335 243 1400 Vere
257 1337 403 1420 loquuturi
419 1335 511 1400 satum
526 1338 676 1420 pendebat
690 1339 778 1400 amici
794 1337 807 1400 ,Ρ

160 1439 214 1504 Ille
230 1441 315 1524 igitur
330 1461 480 1522 nunquam
497 1441 605 1502 direxit
618 1441 740 1503 brachia
755 1453 857 1503 contra

159 1540 338 1603 Torrentem
352 1561 362 1618 3
384 1561 441 1602 nec
456 1540 528 1603 civis
543 1553 616 1617 erat,
632 1541 681 1623 qui
696 1543 788 1604 libera
803 1556 904 1626 posset

159 1642 261 1708 Verba
276 1644 364 1707 animi
380 1642 520 1727 prolerre,
537 1659 566 1708 et
581 1645 670 1708 vitam
686 1647 862 1730 impendere
876 1669 959 1714 vero.

160 1747 212 1812 Sic
228 1749 332 1812 multas
346 1749 461 1812 hiemes
476 1762 564 1832 atque
579 1751 760 1834 octogesima
776 1751 847 1814 vidit

160 1851 306 1932 Solstitia3
328 1853 373 1915 his
389 1853 487 1929 armis,
502 1853 552 1916 illb
566 1874 684 1937 quoque
699 1869 778 1918 tutus
792 1856 821 1918 in
837 1856 914 1920 aulai.

158 1955 320 2020 Proximus
334 1956 470 2040 ejusdem
485 1959 665 2041 properabat
680 1939 795 2022 Acilius
809 1961 864 2024 aevi

158 2059 238 2123 Cum
248 2059 371 2143 juvene,
386 2060 516 2142 indigno,
533 2081 622 2143 quem
639 2083 719 2124 murs
733 2077 792 2125 tarn
809 2084 895 2126 saeva
910 2081 1052 2144 maneret,

156 2161 199 2225 Et
214 2162 323 2225 domini
339 2162 443 2245 gladiis
457 2177 516 2225 tam
533 2161 685 2228 festinata:
707 2166 760 2229 sed
777 2167 847 2232 olim
1087 2177 1127 2236 95

155 2265 297 2350 Prodigio
311 2288 364 2350 par
379 2281 424 2330 est
438 2283 507 2330 curn
522 2269 669 2334 nobilitate
684 2286 841 2353 senectus3

154 2369 245 2433 Unde
260 2370 301 2446 fit,
319 2384 349 2434 ut
363 2372 463 2435 malim
479 2372 652 2438 fraterculus
667 2398 733 2440 esse
747 2378 881 2462 gigantis.

154 2472 269 2538 Profuit
283 2496 354 2558 ergo
369 2477 438 2539 nihil
453 2479 571 2556 misero,
588 2479 667 2563 qudd
682 2483 817 2546 cominus
832 2505 915 2548 ursos

154 2577 281 2661 Figebat
295 2577 453 2658 Numidas,
468 2582 587 2646 Albani
601 2585 697 2647 nudus
713 2585 802 2648 areni

154 2678 296 2744 Venator.
341 2682 420 2754 Quis
435 2685 513 2746 enim
524 2686 588 2770 jam
604 2710 663 2750 non
677 2689 818 2772 intelligat
832 2706 910 2756 artes
1063 2702 1124 2760 100

152 2782 321 2850 Patriciae?
344 2787 408 2870 quis
423 2787 553 2870 priscum
568 2789 638 2852 illud
654 2791 776 2854 miretur
791 2815 929 2871 acumen,

151 2886 256 2966 Brute,
271 2889 380 2954 tuum?
403 2889 507 2954 Facile
523 2907 566 2956 est
581 2893 702 2958 barbato
717 2896 870 2982 imponere
886 2901 958 2986 regi.

150 2991 219 3056 Nec
234 2993 338 3056 melior
352 2995 442 3070 vultu,
458 2997 590 3079 quamvis
604 2999 746 3082 ignobilis,
761 3002 822 3066 ibat

150 3094 292 3173 Rubrius,
307 3097 427 3160 offensae
443 3099 550 3162 veteris
565 3121 633 3162 reus
648 3117 736 3185 atque
751 3107 895 3182 tacendae,

149 3197 193 3261 Et
206 3215 305 3264 tamen
320 3203 481 3286 improbior
495 3203 613 3267 satiram
629 3206 775 3270 scribente
790 3208 915 3276 cinaedo.
1059 3223 1119 3280 105
1185 3244 1192 3261 ·

148 3301 283 3365 lllontani
299 3325 417 3390 quoque
433 3321 536 3370 venter
550 3309 635 3372 adest
650 3311 807 3374 abdomine
822 3315 922 3380 tardus
935 3339 944 3395 3

147 3404 190 3468 Et
205 3408 347 3470 matutino
362 3411 471 3474 sudans
486 3411 640 3496 Crispinus
655 3437 784 3492 amom0,

147 3509 302 3585 Quantum
318 3511 367 3574 vix
383 3514 517 3579 redolent
532 3515 592 3580 duo
606 3515 730 3596 lunera3
751 3520 855 3583 saevior
869 3521 918 3584 illu

513 3624 533 3680 3
