2534 4022
117 347 157 406 38
436 343 470 391 n.
487 342 580 392 rursu
597 340 788 390 ruvanmrs

159 491 224 555 Cur
239 491 386 554 desiderio
402 490 520 554 Bibulae
538 489 685 554 Sertorius
700 488 809 554 ardet?

117 598 151 660 Si
166 617 269 659 verum
285 577 429 672 excutias,
444 594 547 672 socies,
562 617 622 658 non
635 615 711 657 uxor
727 607 851 658 amatur.

115 700 195 764 Tres
209 723 287 784 rugae
303 701 436 780 subeant,
453 715 530 764 etse
545 701 621 764 cutis
636 700 720 764 arida
734 700 825 776 laxet,

116 804 203 868 Fiant
217 806 335 868 obscuri
349 806 464 881 dentes,
479 806 617 888 oculique
633 805 782 884 minores3
824 831 826 838 ’

115 908 231 993 Collige
246 910 416 987 sarcinulas,
433 911 513 974 dicet
527 911 657 986 libertus,
673 925 703 973 et
718 911 788 973 exi:

113 1013 182 1076 Jam
198 1015 294 1097 gravis
309 1037 342 1078 es
357 1015 451 1092 nobis,
467 1030 497 1078 et
512 1016 590 1098 sape
606 1015 796 1098 emungeris3
820 1015 869 1076 exi

114 1119 219 1208 Ocius,
235 1133 265 1182 et
275 1141 423 1203 propera:
446 1120 526 1184 sicco
538 1121 617 1182 venit
631 1121 723 1183 altera
736 1141 820 1184 naso,

14 1249 17 1262 ,
113 1223 229 1286 Interea
241 1224 326 1300 calet,
343 1238 373 1288 et
387 1239 499 1307 regnat,
516 1225 669 1308 poscitque
684 1225 821 1288 maritum

114 1327 265 1404 pastores,
281 1343 310 1392 et
324 1351 411 1392 ovem
428 1329 620 1406 Canusinam,
635 1331 790 1414 ulmosque
805 1328 960 1394 Falernas.

115 1433 299 1506 Quantulum
315 1436 344 1497 in
359 1435 439 1498 hoo?
464 1457 572 1518 pueros
586 1457 700 1512 omnes,
717 1437 861 1520 ergastula
876 1450 947 1511 tota,

114 1537 267 1621 Quodque
284 1539 438 1602 dominon
454 1555 508 1616 est,
524 1554 554 1602 et
565 1541 655 1604 hahet
669 1563 791 1618 vrcmus,
807 1554 932 1602 ematur.

115 1641 223 1704 Mense
240 1643 361 1726 quidem
376 1645 503 1722 brumae,
520 1665 579 1728 quo
589 1645 652 1731 jam
668 1659 816 1709 mercator
829 1644 917 1708 lason

116 1745 255 1824 Clausus,
274 1761 304 1810 et
319 1749 437 1812 armatis
451 1751 547 1814 obstat
561 1773 632 1814 casa
647 1751 774 1814 candida
789 1749 893 1824 nautis,

118 1850 251 1914 Grandia
266 1853 404 1918 tolluntur
419 1857 597 1938 crystallina,
614 1856 745 1918 maxima
760 1876 858 1919 rursus

117 1955 279 2038 Myrrhina,
295 1957 403 2020 deinde
416 1961 537 2023 adamas
552 1960 727 2033 notissimus,
745 1973 774 2022 et
789 1959 953 2022 Beronices

116 2061 151 2122 ln
166 2062 256 2144 digito
271 2061 366 2128 factus
382 2066 556 2147 pretiosior:
579 2065 658 2128 hunc
674 2064 756 2128 dedit
769 2065 840 2128 olim

117 2164 269 2228 Barbarus
283 2168 412 2244 incestae,
429 2169 511 2230 dedit
526 2169 604 2230 hunc
619 2169 752 2250 Agrippa
767 2171 868 2245 sorori,

120 2269 287 2334 Observant
302 2274 352 2336 ubi
367 2272 441 2348 festa
456 2294 539 2334 mero
550 2272 628 2354 pede
644 2273 766 2338 sabbata
780 2295 877 2354 reges,

120 2373 161 2438 Et
176 2391 259 2438 vetus
274 2376 405 2458 indulget
420 2377 537 2438 senibus
552 2375 709 2438 clementia
724 2377 831 2458 porois.

163 2481 293 2542 Nullane
309 2482 347 2542 de
363 2481 448 2542 tantis
463 2481 601 2562 gregibus
615 2481 665 2543 tibi
682 2481 769 2568 digna
783 2483 924 2546 videtur?

121 2586 166 2648 Sit
181 2584 318 2658 formosa,
335 2584 456 2658 decens,
471 2585 564 2660 dives,
579 2582 730 2662 foeounda,
746 2601 875 2651 vetustos
1030 2593 1091 2650 125

121 2689 288 2752 Porticibus
304 2687 439 2770 disponat
454 2710 534 2765 avos,
549 2689 681 2768 intactior
695 2693 776 2756 omni

120 2793 260 2857 Crinibus
271 2793 371 2858 effusis
386 2795 494 2858 bellum
510 2795 664 2860 dirimente
680 2798 812 2862 Sabina:

122 2899 221 2982 (Rara
237 2898 297 2959 aris
312 2899 340 2959 in
356 2899 440 2960 terris
455 2900 597 2982 nigroque
612 2901 757 2964 simillima
771 2902 894 2986 cycno.)

121 3001 202 3074 Quis
217 3000 291 3063 leret
307 3022 442 3080 uxorem,
459 3004 505 3066 cui
522 3015 656 3076 constant
669 3006 793 3070 omnia?
817 3009 905 3083 malo,

123 3106 206 3170 Malo
219 3105 413 3184 Venusinam,
429 3109 517 3193 quiam
533 3125 572 3188 te,
589 3110 739 3188 Cornelia,
755 3128 848 3176 mater
1033 3116 1093 3174 130

120 3211 340 3290 Gracchorum,
354 3215 378 3278 si
393 3237 463 3278 cum
477 3217 592 3298 magnis
605 3217 756 3280 virtutibus
770 3209 858 3280 affers

123 3317 247 3380 Grande
262 3320 461 3402 supercilium,
477 3334 506 3382 et
521 3339 659 3382 numeras
673 3320 703 3382 in
718 3321 786 3382 dote
801 3323 974 3405 triumphos

123 3421 212 3485 Tolle
228 3436 320 3498 tuum,
337 3444 452 3505 precor,
468 3421 667 3487 Hannibalern
681 3425 850 3509 victumque
866 3415 1039 3512 Syphacem

124 3525 159 3586 In
175 3527 286 3602 castris,
301 3539 415 3590 etcum
430 3527 491 3590 tota
505 3525 686 3612 Carthagine
701 3531 806 3614 migra.
