2532 4008
419 781 456 846 I).
478 785 589 846 IUNII
610 785 839 846 mvunnnls

537 1085 712 1136 AQUINATIS
810 1107 820 1126 .

438 1315 819 1390 SATIRARUM

483 1581 591 1629 LIBER
607 1581 773 1637 QUINTUS.

494 1952 656 2016 SATIRA
678 1953 765 2017 XIII.

115 2155 118 2160 ’
140 2162 298 2224 Eximio
313 2163 510 2246 quodeunque
525 2163 604 2223 malo
619 2163 817 2237 committitur,
833 2165 886 2242 ipsi

139 2267 285 2348 Displicet
300 2267 421 2329 auctori.
467 2267 570 2328 Prima
586 2279 630 2326 est
644 2266 708 2327 haec
725 2266 803 2339 ultio,
820 2265 899 2346 quud
916 2288 948 2327 se

139 2368 247 2433 Iudice
262 2392 351 2433 nemo
366 2392 477 2434 nocens
493 2369 658 2444 absolvitur,
674 2369 807 2452 improba
822 2371 955 2452 quamvis

140 2475 242 2536 Gratia
257 2475 352 2536 fallaci
367 2475 497 2556 praetoris
512 2473 613 2534 vicerit
631 2472 713 2533 urna.

140 2576 222 2648 Quid
238 2577 344 2638 sentire
360 2590 445 2658 putas
459 2597 573 2652 omnen,
590 2575 724 2654 Calvina,
740 2579 851 2640 recenti

139 2680 189 2742 De
205 2681 317 2744 scelere
334 2693 363 2742 et
377 2681 447 2744 fidei
462 2681 573 2743 violatae
590 2682 736 2752 crimine?
762 2683 825 2745 Sed
840 2705 897 2744 nee

138 2785 219 2845 Tam
234 2786 329 2846 tenuis
344 2807 452 2846 census
467 2785 516 2846 tibi
531 2787 661 2866 contigit,
676 2800 707 2845 ut
721 2786 879 2845 mediocris

139 2885 264 2948 Jacturae
280 2900 308 2948 te
324 2899 438 2966 mergat
452 2907 547 2962 onus3
570 2907 626 2946 nec
642 2907 708 2946 rara
722 2886 867 2963 videmus

140 2988 216 3061 Quae
232 2988 350 3072 pateris,
396 2987 494 3050 Casus
508 2988 607 3052 multis
621 2989 668 3050 hic
684 2991 827 3073 cognitus
841 3013 876 3052 ac
886 2991 950 3074 jam

138 3093 249 3169 Tuitus,
265 3107 295 3156 et
310 3116 327 3156 e
342 3093 441 3156 medio
457 3092 594 3156 Fortunae
611 3095 717 3155 ductus
732 3116 850 3156 acervo.
1071 3107 1113 3164 10

138 3195 291 3258 Ponamus
305 3198 410 3258 nimios
425 3197 572 3275 gemitus:
595 3197 760 3276 flagrantior
776 3219 860 3280 aequo

138 3300 209 3362 Non
225 3301 315 3362 debet
330 3300 412 3360 dolor
429 3318 493 3359 esse
510 3298 571 3374 viri,
587 3320 644 3360 nec
659 3301 779 3363 vulnere
795 3303 899 3386 major.

136 3402 187 3465 Tu
203 3402 336 3485 quamvis
350 3401 458 3463 levium
474 3401 624 3464 minimam
640 3405 837 3490 exiguamque
852 3409 998 3472 malorum

137 3505 317 3568 Particulam
333 3505 474 3568 vixteue
489 3521 584 3592 potes,
600 3511 801 3594 spumantibus
816 3513 922 3576 ardens
