2534 4022
121 361 163 420 22
432 361 465 410 D.
481 361 575 412 tutttt
590 359 783 412 Juvmtnus

123 503 186 568 Sed
195 505 331 592 jumenta
344 522 460 585 vocant,
475 523 506 574 et
520 511 563 573 sel
576 511 714 574 inclinat:
736 511 869 575 eundum
883 521 948 587 est3

121 609 154 674 N
155 631 203 674 am
218 612 289 674 mihi
303 614 454 678 commoti
462 615 641 700 jamdudum
657 617 746 680 mulio
760 614 842 697 virgi

121 715 242 777 Annuit.
288 715 371 801 Ergo
387 719 451 782 vale
467 722 556 784 nostri
571 743 697 797 memor,
713 735 752 797 et,
768 719 883 803 queties
897 733 928 782 te

124 819 227 884 Rome
240 835 291 885 tuo
306 825 388 888 refici
402 839 611 909 properantem
624 826 731 890 reddet
743 825 873 908 Aquino,
1039 825 1101 884 300

125 923 179 987 Me
195 947 313 1011 quoque
330 929 368 992 ad
384 928 544 995 Helvinam
560 929 708 996 Cererem
723 942 912 1012 vestramque
927 925 1059 992 Dianam

126 1027 271 1092 Convelle
285 1055 304 1096 e
318 1032 435 1096 Cumis.
482 1035 645 1098 Satirarum
660 1055 726 1116 ego,
741 1034 771 1096 ui
785 1033 879 1116 pudet
899 1031 974 1105 illas,

127 1131 254 1220 Adjutor
268 1136 382 1219 gelidos
396 1138 512 1206 ventam
528 1139 669 1221 caligatus
682 1138 713 1200 in
729 1157 826 1220 egros.
929 1205 932 1212 ,

495 1573 658 1637 SATIRA
678 1571 734 1638 IV.

176 1783 268 1848 Ecou
281 1784 387 1848 iterum
398 1781 574 1870 Crispinus!
599 1797 629 1846 et
644 1795 688 1846 eet
700 1782 774 1844 mihi
791 1781 874 1864 saepb
890 1777 1041 1856 vpcundus

133 1887 184 1954 Ad
199 1902 306 1971 partes,
321 1902 481 1951 monstrum
494 1887 575 1954 nullb
587 1889 692 1952 virtute
707 1888 895 1971 redemptum

105 1975 108 1980 ยน
134 1994 165 2054 A
178 1993 262 2070 vitiis,
278 2013 364 2076 aegn,
380 1993 501 2077 soltqoe
515 1993 634 2058 libidine
649 1992 786 2056 sortis.-

136 2096 219 2172 Quid
233 2098 326 2162 refert
337 2099 433 2182 igitir,
449 2100 561 2182 quentis
571 2099 707 2182 jumenta
721 2097 822 2180 fatiget

137 2200 328 2268 porticibus?
348 2201 626 2286 'qtrentituemorum
637 2214 773 2266 vectetur
787 2202 817 2262 iu
831 2197 960 2262 umbri?
1092 2199 1110 2254 5

137 2303 249 2388 Jugere
262 2319 334 2392 quot
348 2307 443 2371 vicina
457 2306 531 2382 foro,
545 2327 618 2388 quas
634 2306 739 2368 emerit
753 2302 856 2366 edes?

138 2408 241 2476 Nemo
255 2412 350 2475 malus
365 2411 456 2491 selix3
478 2410 597 2474 minimis
613 2425 777 2492 corruptor,
788 2395 820 2470 et
833 2408 914 2470 idem

139 2515 283 2591 Incestus,
299 2539 369 2579 eum
384 2537 442 2599 quo
456 2536 550 2598 nuper
564 2515 664 2578 vittata
674 2515 805 2599 jacebat,

142 2617 292 2702 Sanguine
308 2620 405 2681 adhuc
420 2620 485 2682 vivo
500 2634 609 2684 terram
626 2621 762 2697 subitura,
778 2618 930 2683 sacerdos.

143 2723 206 2786 Sed
221 2745 299 2786 nunc
314 2725 353 2786 de
368 2721 451 2787 sactis
465 2725 642 2788 levioribus:
665 2739 808 2790 ettamen
823 2725 896 2786 alter
1078 2719 1118 2777 10

144 2827 178 2890 Si
192 2827 311 2892 fecisset
325 2827 416 2905 idem,
431 2831 553 2893 caderet
567 2832 620 2894 sub
631 2832 733 2916 judice
749 2849 875 2890 morum.

142 2931 226 2998 Nam
241 2933 320 3017 quod
335 2946 419 3016 turpe
436 2935 528 3012 bonis,
544 2935 625 2999 Titio
642 2936 781 3015 Seioque,
798 2928 927 2990 decebat

145 3038 327 3122 Crispinum.
373 3039 456 3114 Quid
472 3063 551 3124 agas,
568 3061 658 3123 quum
673 3038 736 3098 dira
751 3048 781 3096 et
795 3031 903 3094 soedior
918 3032 997 3094 omni

147 3145 280 3210 Crimine
296 3167 421 3230 persone
437 3147 505 3209 est?
530 3145 654 3206 Mullum
670 3161 724 3202 sex
741 3137 866 3199 millibus
882 3135 963 3211 eruit,

148 3251 329 3336 AEqueutem
346 3252 416 3314 sanb
432 3251 549 3332 paribus
564 3245 696 3309 sestertia
710 3243 799 3319 libris,
1084 3245 1120 3301 tt

148 3355 192 3420 Ut
205 3357 369 3440 perhibent,
385 3354 433 3437 qui
449 3352 487 3413 de
503 3349 616 3432 mugnis
631 3348 743 3434 majore
757 3349 924 3432 loquuntur.

151 3461 317 3526 Consilium
331 3459 420 3520 laudo
436 3455 562 3530 artificis,
579 3454 602 3517 si
619 3476 740 3518 munere
756 3468 837 3518 tauto

151 3564 338 3648 Precipuam
352 3562 381 3624 in
397 3562 501 3625 tabulis
515 3581 616 3625 cerem
631 3561 709 3626 senis
724 3561 839 3626 abstulit
853 3561 926 3624 orbi.
