2532 4008
565 330 686 378 SATIRA
701 328 760 378 XV.
1091 329 1151 388 123

174 475 236 536 Aut
251 476 396 552 verubus3
418 475 537 558 longum
552 497 646 559 usque
662 475 739 538 adeo
754 475 930 558 tardumque
945 472 1056 558 putavit
1145 521 1149 532 .

114 579 118 586 '
174 575 361 658 Exspectare
377 577 470 654 socos,
485 593 623 642 contenta
638 581 784 642 cadavere
800 577 905 641 crudo.

172 677 245 754 Hic,
261 683 391 762 gaudere
406 683 486 756 libet,
503 682 583 763 qudd
597 703 657 744 non
672 659 822 744 violaverit
837 683 946 764 ignem,

171 780 274 854 Quem
290 783 407 846 summi
421 785 488 846 coeli
504 798 619 866 raptum
635 785 674 846 de
690 798 771 866 parto
787 784 985 846 Prometheus
1106 785 1147 842 85

170 884 301 947 Donavit
316 887 409 948 terris.
454 886 615 950 Elemento
629 889 768 970 gratulor,
784 902 814 949 et
828 901 857 948 te

169 985 330 1050 Exsultare
344 1011 422 1052 reor.
470 991 531 1052 Sed
549 992 597 1072 qui
614 991 751 1054 mordere
767 991 897 1053 cadaver

169 1089 320 1166 Sustinuit,
336 1093 375 1154 nil
391 1115 518 1176 unquam
534 1093 592 1156 hac
607 1117 696 1157 carne
712 1094 847 1158 libentibs
860 1093 930 1154 edit.

167 1191 249 1254 Nam
264 1195 376 1258 scelere
391 1197 420 1258 in
436 1211 515 1260 tanto
530 1219 567 1260 ne
580 1219 703 1280 quaeras,
719 1211 749 1260 et
763 1199 888 1272 dubites,
906 1219 943 1260 an

166 1293 269 1357 Prima
284 1299 462 1380 voluptatem
478 1301 547 1382 gula
561 1302 694 1364 senserit.
739 1299 868 1361 Ultimus
884 1313 993 1372 autem,
1103 1301 1144 1358 90

165 1397 228 1472 Qui
243 1401 321 1461 stetit
336 1401 563 1482 absumptojam
579 1413 640 1462 toto
655 1420 791 1482 corpore,
808 1401 903 1461 ductis

164 1501 225 1564 Per
240 1516 349 1564 terram
365 1504 468 1586 digitis,
482 1503 589 1585 aliquid
606 1503 644 1564 de
660 1503 802 1586 sanguine
818 1517 925 1582 gustat.

162 1602 326 1680 Vascones,
341 1607 405 1668 haec
421 1607 500 1668 sama
515 1621 568 1682 est,
585 1607 729 1670 alimentis
744 1608 849 1669 talibus
865 1609 935 1672 olim

161 1705 338 1770 Produxdre
354 1710 487 1772 animas:
509 1711 563 1774 sed
578 1732 625 1772 res
641 1711 766 1786 diversa,
783 1713 836 1776 sed
852 1711 910 1774 illie

159 1808 297 1874 Fortunae
312 1814 418 1876 invidia
434 1828 488 1890 est,
504 1815 707 1898 bellorumque
723 1816 835 1891 ultima,
848 1838 936 1878 casus
1096 1819 1136 1876 95

158 1913 307 1992 Extremi,
322 1918 418 1998 longae
436 1918 497 1980 dira
514 1919 673 1982 obsidionis
689 1934 815 2002 egestas.

159 2016 258 2109 Hujus
272 2022 362 2100 enim,
379 2022 459 2107 quod
474 2046 552 2085 nune
568 2023 671 2104 agitur,
688 2022 853 2084 miserabile
869 2024 959 2084 debet

157 2128 341 2212 Exemplum
357 2103 423 2190 esse
439 2128 495 2190 cibi
508 2150 518 2204 3
540 2126 720 2190 sicutmodo
735 2126 813 2188 dieta
828 2127 898 2188 mihi
912 2147 985 2209 gens

156 2233 231 2296 Post
245 2254 348 2295 omnes
362 2232 479 2308 herbas,
495 2245 563 2314 post
577 2245 684 2293 cuncta
700 2231 846 2308 animalia,
862 2231 1003 2316 quidquid

155 2335 292 2419 Cogebat
305 2337 389 2400 vacui
404 2337 511 2400 ventris
527 2335 616 2410 suror,
632 2337 763 2400 hostibus
777 2337 847 2418 ipsis
1071 2343 1131 2398 100

153 2440 303 2503 Pallorem
319 2463 355 2503 ao
370 2443 497 2503 maciem
513 2454 542 2502 et
556 2455 660 2502 tenues
676 2441 882 2502 miserantibus
897 2454 986 2516 artua,

153 2543 291 2606 Membra
307 2545 400 2606 aliena
415 2544 493 2606 same
508 2545 687 2619 lacerabant,
703 2566 769 2630 esse
785 2545 878 2627 parati

152 2645 195 2708 Et
210 2667 271 2707 sua.
318 2646 465 2717 Quisnam
480 2648 633 2708 hominum
644 2648 760 2710 veniam
773 2649 854 2722 dare,
868 2650 969 2730 quisve
982 2648 1105 2712 deorum

151 2748 270 2811 Viribus
286 2749 418 2810 abnuerit
433 2749 494 2810 dira
510 2762 598 2831 atque
614 2750 752 2812 immania
768 2751 869 2831 passis,

150 2852 193 2916 Et
208 2855 312 2934 quibus
327 2854 440 2916 illorum
456 2865 591 2935 poterant
605 2853 759 2934 ignoscere
775 2874 888 2930 manes,
1065 2859 1124 2915 105

150 2955 287 3029 Quorum
303 2957 473 3038 corporibus
488 2958 707 3020 vescebantur?
753 2957 864 3020 Melius
878 2980 932 3022 nos

148 3059 279 3122 Zenonis
295 3073 441 3143 praecepta
457 3073 597 3120 monent:
621 3079 677 3120 neo
693 3060 771 3120 enirn
787 3061 895 3134 omnia,
913 3060 1053 3143 quaedam

148 3162 211 3224 Pro
226 3163 284 3223 vitai
298 3162 433 3224 facienda
448 3175 539 3244 putat.
587 3162 649 3223 Sed
665 3160 816 3224 Cantaber
831 3164 910 3226 unde

148 3263 278 3338 Stoicus,
294 3266 400 3347 antiqui
416 3266 577 3348 praesertim
593 3279 676 3328 aetate
693 3265 831 3329 Metelli?

146 3365 178 3429 N
181 3387 238 3428 unc
253 3380 329 3433 totus
346 3367 451 3430 Graias
465 3383 637 3451 nostrasque
652 3371 741 3432 habet
752 3372 830 3432 orbis
845 3371 988 3452 Athenas.
1062 3376 1122 3434 110

146 3469 244 3536 Gallia
259 3469 426 3538 causidicos
441 3472 541 3540 docuit
555 3471 684 3538 facunda
699 3473 857 3538 Britannos
872 3496 880 3540 t
