2532 4008
172 469 305 556 Tarpeio
320 469 525 547 servataaavi,
535 469 898 554 unatentqceccntsnat:

172 575 294 661 Quippe
308 577 392 640 ferox
405 577 524 652 vitulus,
538 578 656 660 templis
670 590 801 640 maturus
816 587 846 638 at
860 594 918 636 are

172 680 633 765 spargendusque·rnern,=qaera
644 680 707 764 jam
723 680 815 763 pudet
824 680 923 744 ubera
938 678 1039 742 mauis

169 785 305 862 Ducere,
320 787 370 870 qui
385 786 620 848 vexatanascaati
636 785 744 848 robora
751 805 861 847 cornu.

163 885 204 952 ¹si
218 911 266 953 res
281 890 379 973 ampla
394 890 473 953 domi
488 890 647 972 similiaque
656 889 818 952 vaffectibus
831 901 922 962 esset,
1099 892 1145 950 *10

169 992 312 1077 Pinguior
326 993 463 1077 Hispulii
475 994 640 1056 traheretur
653 1008 763 1068 taurus,
779 1005 810 1060 et
820 991 888 1075 ipsit

167 1097 251 1160 Mole
266 1099 359 1181 piger,
374 1121 431 1161 nec
446 1097 567 1162 finitimi
582 1099 706 1160 nutritus
719 1099 749 1160 in
763 1095 877 1176 hesbin

167 1201 253 1264 Leta
268 1202 321 1264 sed
336 1202 653 1266 ostendens'Clitumni
663 1202 911 1285 *pascua'sanguis

167 1301 237 1378 lret,
252 1315 282 1363 et
297 1301 428 1383 agraudi
442 1303 546 1364 ceruix
557 1303 695 1364 'ferienda
709 1303 851 1378 urinistro,
1011 1369 1014 1374 ,

160 1403 218 1468 'Ob
232 1405 358 1467 reditum
373 1405 668 1488 trepidantis-adhuc,
677 1406 890 1488 -hnrrcndaque
901 1406 984 1488 passi
1102 1411 1141 1472 ln

166 1509 283 1593 Nuper,
299 1523 329 1571 et
342 1509 603 1572 incolumemvsese
618 1510 748 1572 mirantis
762 1511 862 1574 amini.

165 1613 247 1677 Nam
261 1627 367 1696 praeter
381 1614 477 1697 pelagi
493 1635 590 1690 casus,
606 1627 637 1676 et
649 1613 771 1698 fulguris
785 1616 875 1678 ictum

164 1716 265 1796 Evasi,
281 1718 379 1782 dense
394 1719 505 1782 coelum
520 1718 704 1782 abscondere
719 1722 849 1784 tenebre

163 1822 253 1886 Nube
269 1823 337 1900 und,
353 1824 523 1906 subitusque
537 1839 681 1887 antennas
695 1825 810 1906 impulit
824 1826 898 1907 ignis
910 1847 920 1904 3

161 1926 265 2000 Quum
281 1949 314 1991 se
329 1929 452 2011 quisque
468 1928 516 1990 illo
530 1950 704 2010 percussum
719 1929 867 2006 crederet,
883 1944 915 1993 et
929 1952 1000 1994 mcx

11 2001 12 2042 ³
125 2101 134 2116 ‚
161 2032 309 2094 Attonitus
324 2032 435 2093 nullutn
451 2029 577 2092 conferri
593 2045 812 2112 possepntaret

161 2133 356 2216 Naufragium
372 2134 444 2196 velis
459 2134 637 2200 ardentibus·
673 2135 790 2200 ‘Omnia
800 2137 879 2202 *fiunt

159 2237 257 2314 Talia,
272 2253 332 2300 tam
347 2238 482 2320 graviter,
499 2239 522 2301 si
539 2239 788 2322 quandopoiitica
802 2242 893 2326 surgit

159 2342 348 2427 Tempestas.
394 2341 498 2405 Genus
512 2344 889 2410 eceenliuudisoriminis:
913 2350 982 2412 audi

154 2443 201 2509 Et
215 2448 354 2510 miserere
369 2441 671 2530 iteruuuualqmm
687 2449 743 2511 sint
757 2463 870 2512 caetera
884 2453 969 2515 sortis

159 2549 325 2636 Ejusdem:
347 2573 416 2632 pars
431 2552 494 2613 dire
507 2552 639 2633 quidem,
655 2553 709 2615 sed
724 2554 841 2636 cognita
856 2555 964 2632 multis,

158 2653 201 2716 Et
215 2673 303 2737 quarn
319 2653 417 2714 votivis
430 2667 573 2716 testantur
587 2653 655 2716 sana
668 2657 776 2718 tabelli

134 2814 144 2832 ,
157 2759 300 2822 Plurima.
346 2757 482 2820 Pictones
496 2757 561 2839 quis
575 2758 671 2820 nescit
684 2761 721 2822 ab
736 2758 817 2823 Iside
831 2761 940 2844 pasci?

157 2863 278 2926 Accidit
292 2875 322 2924 et
335 2875 434 2924 nostro
447 2860 549 2923 similis
564 2860 680 2925 fortuna
695 2863 826 2928 Catullo.

144 2966 261 3040 Quam
277 2967 381 3049 plenus
396 2963 486 3027 ductu
501 2965 617 3028 medius
632 2965 707 3031 soret
720 2969 832 3047 alveus,
847 2985 878 3034 et
888 2971 964 3056 jam,

156 3072 310 3134 Alternum
326 3069 433 3154 puppis
447 3069 522 3132 latus
536 3071 734 3135 evertentibus
749 3074 835 3136 undis

156 3176 279 3239 Arboris
294 3177 420 3250 incerte,
436 3174 544 3238 nullam
561 3176 717 3257 prudentia
731 3178 798 3240 cani

156 3279 295 3341 Rectoris
310 3279 456 3342 conferret
469 3299 558 3361 opem
572 3301 581 3356 3
605 3280 746 3346 decidere
757 3282 840 3368 jactu

156 3382 258 3466 Coepit
272 3404 341 3444 curn
357 3385 448 3448 ventis
460 3407 514 3463 3-
627 3435 632 3445 ,

146 3484 293 3563 'Fundite,
310 3509 373 3570 quae
389 3510 456 3552 area
471 3507 547 3568 sunt,
564 3493 692 3569 dicebat,
707 3507 825 3570 cuncta,
840 3494 985 3570 Catullus,
