2534 4022
119 360 160 420 62
425 361 568 412 1211an
584 359 775 412 JUVENALIS

119 505 153 567 Si
168 527 268 570 coram
284 505 408 592 Lepidis
422 509 499 572 male
514 509 642 572 vivitur?
687 507 813 591 Effigies
827 505 887 590 qub

115 609 178 673 Tot
192 611 375 689 bellatorum,
390 613 414 676 si
427 613 535 676 luditur
550 615 616 678 alea
630 635 745 697 pernox

115 715 194 777 Ante
210 713 432 779 Numantinos?
455 718 478 780 si
493 718 622 780 dormire
636 718 740 801 incipis
754 731 819 781 ortu

114 817 257 894 Luciferi,
274 840 332 902 quo
347 819 429 903 signa
442 821 536 886 duces
550 836 581 884 et
594 835 690 886 castra
704 820 887 884 movebant?

114 921 178 984 Cur
192 923 387 1006 Allobrogicis
401 938 431 988 et
445 923 554 1008 magnit
568 926 697 1008 gaudeat
712 924 763 987 arb

113 1026 210 1089 Natus
224 1027 252 1090 in
269 1027 422 1091 Herculeo
437 1028 548 1094 Fabius
562 1030 633 1106 lare,
649 1029 673 1093 si
688 1029 823 1112 cupidus,
839 1029 863 1092 si

113 1128 216 1193 Vanus
230 1145 260 1194 et
275 1131 422 1215 Euganeis
436 1135 621 1215 quantumvis
636 1134 750 1197 mollior
765 1131 841 1215 agna
849 1155 860 1211 3

114 1234 146 1297 Si
161 1249 296 1299 tenerum
311 1237 422 1300 attritus
437 1236 589 1302 Catinensi
604 1239 723 1321 pumice
738 1237 871 1300 lumbum

113 1340 289 1424 Squalerites
303 1343 431 1406 traducit
446 1363 529 1420 avos,
546 1359 720 1428 emptorque
735 1343 841 1406 veneni

111 1445 292 1529 Frangendal
306 1448 445 1512 miseram
460 1447 587 1514 funestat
601 1449 728 1532 imagine
744 1446 889 1530 gentem?

109 1549 189 1614 Tota
203 1551 273 1613 licet
287 1565 402 1619 veteres
417 1566 562 1616 exornent
575 1553 705 1634 undique
720 1572 800 1614 cerae

92 1687 94 1691 ·
109 1655 203 1731 Atria,
219 1657 352 1719 nobilitas
361 1656 428 1720 sola
443 1669 488 1720 est
503 1669 590 1739 atque
605 1657 692 1720 unica
706 1655 807 1720 virtus.

108 1758 241 1836 Paullus,
256 1761 303 1822 vel
319 1759 442 1837 Cossus,
457 1762 505 1822 vel
519 1760 646 1838 Drusus,
662 1763 792 1826 moribus
807 1775 887 1826 esto:

110 1861 177 1926 Hos
192 1877 258 1925 ante
274 1864 546 1950 effigiesmajorum
560 1887 638 1949 pone
653 1879 790 1930 morum:

110 1963 288 2028 Praecedant
301 1957 379 2049 ipsas
394 1967 445 2043 illi,
460 1982 489 2030 te
504 1967 636 2044 consule,
652 1969 756 2052 virgas

109 2065 212 2130 Prima
228 2066 297 2128 mihi
311 2067 403 2138 debes
419 2069 507 2135 animi
522 2070 611 2132 bona.
657 2069 783 2134 Sanctus
799 2069 900 2132 haberi

107 2169 288 2253 Justitiaeque
304 2185 394 2236 tenax
409 2172 494 2240 sactis
509 2174 652 2257 dictisque
667 2173 814 2236 meraris?

107 2275 248 2357 Agnosco
263 2297 429 2360 procerem.
476 2279 576 2352 Salve,
593 2275 746 2348 Gaetulice,
762 2295 819 2336 seu
832 2288 863 2336 tu

109 2378 236 2458 Silanus,
252 2402 428 2466 quocunque
444 2383 500 2444 alio
516 2382 554 2442 de
570 2381 721 2462 sanguine,
744 2399 827 2440 rarus

107 2481 190 2548 Civis
205 2499 235 2548 et
250 2487 385 2570 egregius
400 2487 502 2568 patriae
518 2483 662 2564 contingis
676 2483 784 2544 ovanti.

107 2587 289 2652 Exclamare
303 2591 382 2662 libet,
398 2587 523 2668 populus
538 2587 617 2668 quod
632 2587 749 2663 clamat,
765 2585 845 2650 Osiri
920 2656 927 2670 ¹

106 2691 239 2757 Invento.
285 2691 363 2764 Quis
378 2691 456 2753 enim
471 2711 648 2774 generosum
663 2691 771 2754 dixerit
786 2692 876 2769 hunc,
890 2693 938 2776 qui

104 2797 245 2880 Indignus
259 2817 379 2880 genere,
396 2810 424 2862 et
438 2796 583 2879 praeclaro
597 2797 715 2859 nornine
730 2797 843 2860 tantbm

104 2899 251 2984 Insignis?
296 2899 418 2962 Nanum
434 2899 589 2984 cujusdam
605 2901 724 2963 Atlanta
739 2921 891 2978 vocamus,

104 3005 279 3089 AEthiopem
293 3025 432 3088 cycnum,
447 3025 568 3088 pravam
584 3018 790 3089 extortamque
804 3004 935 3090 puellam

105 3109 268 3193 Europen:
290 3111 413 3174 canibus
427 3109 516 3195 pigris
532 3111 691 3195 scabicque
707 3109 822 3172 vctustb

55 3209 58 3216 ’
103 3215 246 3294 Levibus,
262 3229 292 3282 et
306 3217 393 3280 siccae
408 3215 603 3279 lambentibus
618 3235 670 3276 ora
684 3213 821 3288 lucemae,

102 3321 224 3385 Nomen
239 3322 295 3384 erit
308 3319 428 3404 pardus,
444 3317 533 3400 tigris,
548 3318 605 3392 leo,
622 3317 646 3379 si
661 3317 731 3400 quid
747 3315 844 3379 adhuc
859 3330 913 3390 est,

102 3425 195 3501 Quod
210 3425 316 3489 fremat
329 3426 360 3488 in
374 3424 458 3488 terris
472 3421 635 3485 violentibs.
681 3421 765 3505 Ergo
780 3419 909 3498 cavebis,
1002 3469 1006 3478 .

103 3529 145 3594 Et
159 3544 285 3609 metues,
301 3551 339 3595 ne
353 3541 385 3594 tu
401 3529 440 3593 sis
455 3525 594 3592 Creticus
609 3541 658 3592 aut
672 3525 861 3620 Camepinus.
992 3519 994 3524 ’
