2534 4022
129 341 171 398 48
442 328 791 382 nuonuruvnunurs

129 483 163 546 In
178 482 290 546 tunicas
305 493 363 556 eat,
378 495 409 544 et
424 492 516 542 totum
528 479 626 544 'semel
635 479 741 560 veripiet
755 496 875 540 anuum.

129 585 297 649 Hibemum
312 583 407 648 sractb
420 583 515 668 glacie
530 584 693 647 descendet
707 583 736 644 in
753 601 893 657 amnem3

127 690 192 754 Ter
207 691 348 754 matutino
362 689 468 752 Tiberi
483 703 641 772 mergetur,
656 702 686 752 et
699 687 769 770 ipsis

128 789 296 859 Vorticibus
310 795 445 858 timidum
460 810 550 879 caput
564 796 682 860 abluet:
707 795 776 858 inde
794 795 921 878 Superbi

126 901 240 964 Totum
255 903 332 986 regis
348 921 451 984 agrum
466 902 547 964 nuda
562 923 597 964 ac
612 901 808 964 tremebunde
822 899 950 963 cruentis

126 1004 241 1090 Erepet
255 1008 388 1090 genibus.
434 1004 468 1068 Si
482 1005 609 1068 candida
619 1005 738 1090 jusserit
749 1005 792 1080 lo,
1034 1005 1099 1062 410

124 1110 181 1176 Ibit
196 1111 233 1173 ad
248 1111 370 1195 AEgypti
385 1111 485 1185 finem,
500 1109 655 1192 calidique
670 1109 775 1192 petitas

126 1215 156 1276 A
170 1213 276 1278 Meroe
292 1215 417 1300 portabit
432 1236 533 1298 aquas,
549 1228 581 1276 ut
595 1227 712 1298 spargat
726 1214 756 1276 in
770 1213 872 1276 aedem

124 1317 219 1394 Isidis,
236 1320 433 1404 antiquoque
449 1319 797 1403 proximasurgitorili3
848 1371 855 1375 .
935 1321 952 1349 ”’
1008 1320 1012 1328 “

125 1423 231 1486 Credit
245 1425 323 1486 enim
339 1425 429 1506 ipsius
444 1423 570 1488 dominae
585 1445 617 1486 se
632 1445 707 1486 voce
723 1424 845 1486 moneri.

125 1526 175 1589 En
191 1527 319 1590 animam
334 1540 365 1590 et
378 1540 519 1602 mentem,
535 1549 606 1590 curn
619 1528 678 1610 qud
687 1527 719 1590 di
732 1541 819 1590 nocte
834 1528 1006 1611 loquantur!
1030 1531 1094 1588 415

125 1629 208 1713 Ergo
223 1631 271 1694 hic
287 1632 472 1714 prrecipuum
487 1652 695 1714 summumque
711 1645 840 1696 meretur
855 1633 1008 1706 honorem,

123 1733 185 1809 Qui
200 1757 290 1820 grege
304 1736 425 1818 linigero
439 1737 638 1802 circumdatus
653 1751 683 1800 et
697 1759 787 1822 grege
802 1737 887 1800 calvo

123 1839 293 1924 Plangentis
307 1841 406 1925 populi
421 1842 511 1905 currit
525 1843 638 1905 derisor
652 1843 778 1906 Anubis.

121 1945 174 2008 llle
189 1947 261 2030 petit
275 1947 402 2023 veniam,
418 1948 530 2030 quoties
545 1969 602 2010 non
618 1949 742 2012 abstinet
756 1969 831 2010 uxor

121 2050 290 2114 Concubitu
305 2052 395 2115 sacris
409 2053 658 2136 observandisque
674 2053 778 2116 diebus
790 2076 799 2131 3
1029 2058 1093 2116 420

121 2153 291 2238 Magnaque
306 2156 431 2219 debetur
445 2158 553 2220 violato
567 2177 656 2238 poena
671 2158 810 2219 cadurco.

36 2293 43 2306 ·
120 2255 163 2321 Et
177 2259 303 2322 movisse
318 2274 408 2343 caput
422 2261 484 2322 visa
499 2274 544 2322 est
559 2273 697 2340 argentea
713 2281 853 2342 serpens:

119 2361 198 2426 Illius
212 2365 354 2446 lacrymae
366 2365 566 2446 meditataque
581 2385 733 2426 murmura
747 2379 892 2446 praestant,

118 2465 161 2528 Ut
175 2469 292 2530 veniam
306 2469 400 2550 culpae
416 2489 474 2530 non
490 2469 606 2542 abnuat,
621 2489 726 2530 ansere
742 2489 848 2551 magno

120 2568 241 2633 Scilicet
256 2584 286 2632 et
299 2571 380 2632 tenui
396 2593 514 2654 popano
529 2586 694 2655 corruptus,
711 2572 815 2636 Osiris.
1026 2584 1088 2640 425

160 2673 264 2750 Quum
280 2675 362 2740 dedit
375 2676 423 2740 ille
438 2677 557 2756 locum3
579 2679 707 2763 cophino
722 2677 862 2764 loenoque
877 2682 988 2758 relicto,

117 2783 267 2846 Arcanarn
282 2780 387 2844 Judaea
401 2796 531 2844 tremens
546 2783 695 2846 mendicat
709 2785 737 2844 in
753 2806 866 2858 aurern,

117 2883 265 2967 Interpres
279 2884 378 2965 legum
395 2885 602 2966 Solymarum,
612 2897 641 2946 et
656 2907 763 2967 magna
778 2887 917 2950 sacerdos

116 2987 250 3063 Arboris,
266 3009 301 3050 ao
316 2987 424 3050 summi
438 2988 499 3051 fida
513 2988 687 3053 internuntia
702 2991 793 3071 coeli3

115 3093 223 3177 Implet
238 3105 268 3155 et
281 3092 330 3155 illa
344 3114 475 3170 manum,
491 3094 544 3157 sed
560 3096 696 3178 parcitis:
719 3115 781 3158 aere
797 3097 908 3159 minuto
1025 3105 1088 3162 430

116 3196 344 3281 Qualiaeunque
358 3199 440 3261 voles
453 3197 550 3261 Judaei
565 3200 679 3262 somnia
694 3200 835 3262 vendunt.

115 3301 252 3388 Spondet
266 3316 428 3366 amatorem
442 3317 586 3379 tenerum,
602 3305 649 3366 vel
664 3304 759 3368 divitis
773 3306 837 3369 orbi

114 3405 342 3470 Testamentum
356 3407 469 3489 ingens,
485 3406 588 3470 calidae
603 3409 744 3492 pulmone
758 3411 906 3474 oolrrmbae

114 3508 267 3585 Tractato,
282 3509 443 3574 Armenius
458 3512 505 3574 vel
520 3510 744 3596 Commagenus
759 3515 907 3601 haruspex
922 3541 931 3596 3
