2532 4008
134 364 178 430 '84
454 363 597 416 utrum
611 361 802 414 urrnuams

133 511 339 577 Membrorum
354 512 464 575 damno
478 511 573 596 major
587 511 746 588 dementia,
762 531 826 595 que
841 531 898 574 nec

132 616 264 680 Nomina
278 637 439 692 servorum,
454 637 512 678 nec
525 617 637 678 vultum
653 615 784 698 agnoscit
798 614 896 690 amici,

132 717 215 782 Cum
230 740 288 803 quo
302 717 452 803 praeteriti
466 720 594 782 coenavit
607 732 715 798 nocte;
737 740 795 782 nec
808 718 882 794 illos,

131 821 217 897 Quos
231 825 340 908 genuit,
355 845 429 907 quos
443 824 564 886 eduxit:
586 843 655 886 nam
670 823 775 886 codice
790 843 868 885 sevo

130 927 279 992 Haeredes
293 942 373 992 vetat
387 949 452 992 esso
467 949 535 991 suos
547 950 557 1007 ;
578 929 657 991 bona
670 940 731 990 tota
746 926 878 990 seruntur

128 1031 180 1095 Ad
193 1029 319 1094 Phialen
332 1054 341 1092 ε
362 1031 475 1094 tantiam
491 1031 608 1094 artificis
621 1031 698 1093 valet
711 1029 817 1092 halitus
830 1029 898 1104 oris,
1037 1033 1102 1092 230

129 1133 222 1208 Quod
237 1147 357 1200 steterat
370 1135 467 1197 multis
481 1135 510 1196 in
525 1156 648 1198 carcere
663 1133 780 1196 fornicis
791 1133 884 1196 anuis.
1126 1133 1128 1138 ’

126 1237 170 1301 Ut
183 1239 300 1320 vigeant
314 1259 417 1302 sensus
432 1239 529 1314 animi,
545 1237 683 1300 ducenda
693 1251 792 1300 tamen
807 1251 873 1302 suut

127 1339 248 1408 Funera
262 1355 408 1418 natorum,
422 1363 511 1425 rogus
526 1341 734 1426 adspiciendus
750 1355 858 1404 amatae

126 1445 270 1530 Conjugis
285 1461 315 1509 et
329 1445 433 1521 fratris,
448 1445 601 1529 plenaque
617 1447 762 1509 sororibus
778 1467 868 1508 urnae.

125 1549 202 1613 Haec
218 1551 286 1612 data
299 1571 388 1632 poena
403 1549 453 1609 diu
467 1549 640 1623 viventibus,
655 1564 696 1623 ut,
708 1550 849 1611 renovatis

124 1653 253 1737 Semper
266 1653 353 1715 clade
369 1651 484 1728 dormis,
499 1653 596 1714 multis
610 1653 640 1714 in
654 1651 788 1728 luctibus,
803 1653 891 1736 inque

121 1756 275 1841 Perpetuo
289 1777 426 1831 moerore,
442 1769 472 1817 et
486 1755 664 1838 nigrit‘veste
679 1771 844 1821 senescant.

122 1860 195 1924 Rex
209 1860 322 1943 Pylius,
338 1879 445 1942 magno
460 1859 484 1922 si
499 1860 659 1943 quidquam
674 1861 771 1924 credis
786 1860 933 1937 Homero,

120 1961 307 2047 Exemplum
321 1963 384 2025 vitae
400 1961 452 2025 fuit
466 1985 484 2026 a
498 1965 616 2027 cornice
632 1965 769 2028 secunde
781 1989 792 2041 ς

120 2065 209 2132 Felix
223 2068 371 2144 nimirum,
387 2068 436 2150 qui
451 2081 493 2132 tot
506 2089 561 2152 per
576 2071 683 2133 saecula
697 2083 823 2134 mortem
1026 2077 1091 2135 240

118 2169 249 2247 Distulit,
265 2185 353 2254 atque
369 2192 436 2235 suos
445 2172 509 2256 jam
524 2173 631 2235 dextri
644 2187 796 2255 computat
809 2196 910 2250 annos,

118 2272 240 2359 Quique
254 2297 362 2338 novum
377 2277 462 2339 toties
477 2289 605 2339 mustum
620 2277 710 2338 bibit!
756 2277 830 2352 Oro,
845 2298 1004 2363 parumper

116 2378 272 2455 Attendas,
288 2380 428 2462 quantirm
443 2380 482 2442 de
497 2379 610 2460 legibus
624 2380 687 2463 ipse
702 2393 840 2463 queratur

117 2481 271 2559 Fatorum,
287 2497 317 2546 et
330 2484 420 2545 nimio
435 2483 473 2544 de
488 2483 622 2559 stamine,
638 2504 729 2566 quum
744 2485 825 2549 videt
840 2489 916 2550 acris

114 2586 264 2650 Antilochi
278 2586 401 2648 barbam
416 2583 589 2665 ardentem3
615 2606 707 2669 quum
722 2591 824 2673 querit
836 2594 873 2656 ab
887 2596 978 2670 omni,
1021 2600 1084 2660 245

115 2688 258 2772 Quisquis
273 2687 357 2750 adest
371 2688 478 2765 socius,
494 2709 548 2751 cur
561 2690 630 2755 haec
644 2693 674 2756 in
688 2707 824 2780 tempora
838 2698 933 2774 duret,

113 2794 206 2867 Quod
220 2792 334 2856 lacinus
349 2791 469 2874 dignum
483 2808 544 2856 tam
559 2798 647 2880 longo
662 2800 812 2862 admiserit
826 2802 912 2863 aevo?

77 2901 83 2908 ’
112 2895 189 2959 Haec
204 2895 312 2958 eadem
327 2893 447 2971 Peleus,
461 2911 579 2978 raptum
595 2920 685 2982 quum
700 2902 780 2984 luget
795 2903 955 2981 Achillem,

110 3000 211 3082 Atque
225 2999 307 3073 alius,
323 2999 370 3060 cui
386 2997 430 3062 fas
444 2995 580 3065 Ithacum
595 3002 699 3086 lugere
713 3021 874 3072 natantem.

109 3103 253 3167 Incolumi
268 3102 364 3188 Trojai
377 3102 514 3170 Priamus
528 3109 656 3172 venisset
670 3112 707 3173 ad
723 3114 842 3175 umbras
1017 3121 1082 3179 250

109 3208 247 3270 Assaraci
262 3211 376 3292 magnis
395 3212 584 3288 solemnibus,
601 3213 734 3275 Hectore
749 3215 836 3277 funus
1078 3223 1085 3234 '

108 3309 260 3387 Portante,
276 3331 312 3373 ac
326 3313 444 3394 reliquis
458 3311 579 3375 fratrum
594 3316 767 3394 cervicibus,
783 3319 857 3382 inter

107 3413 233 3476 Iliadum
247 3414 404 3495 lacrymas,
419 3428 451 3476 ut
464 3416 574 3498 primos
589 3418 680 3480 edere
695 3421 829 3502 plauctus

108 3515 279 3580 Cassandra
291 3517 442 3600 inciperet,
457 3519 607 3604 scissbque
621 3521 780 3606 Polyxena
793 3528 881 3611 palla,

723 3743 736 3782 b
