2534 4022
124 321 166 382 25
426 315 775 366 oruunruvsurms

124 461 288 550 Pompeius
302 465 383 527 tenui
392 465 512 550 jugulos
527 465 641 548 aperire
657 485 785 540 susurro,

125 570 176 646 Et,
193 571 241 654 qui
257 571 416 634 vulturibus
430 571 566 634 servabat
577 570 691 634 viscera
705 568 810 644 Dacis,
1035 568 1095 626 110

125 673 253 751 Fuscus,
269 677 437 738 marmorei
451 675 609 738 meditatus
625 674 729 758 proelia
743 672 819 748 villb,

124 777 250 840 Etcum
266 776 417 843 mortifero
432 780 563 864 prudens
576 778 705 842 Veiento
720 777 848 854 Catullo,

125 881 188 956 Qui
202 905 353 966 nunquam
369 885 435 948 visae
450 885 594 968 flagrabat
609 905 711 948 amore
726 883 851 967 puellae;

126 985 248 1050 Grande
265 1004 295 1050 et
309 989 502 1072 conspicuum
519 1004 617 1052 nostro
633 1009 752 1070 quoque
767 1001 901 1070 tempore
913 985 1094 1050 monstrum!

126 1088 236 1154 Caecus
250 1092 394 1168 adulator,
410 1093 549 1176 ditusque
565 1115 582 1156 a
597 1107 686 1175 ponte
701 1091 828 1167 satelles,
922 1127 924 1132 ·
1036 1092 1095 1150 115

125 1193 243 1276 Dignus
257 1195 394 1258 Aricinos
410 1196 459 1280 qui
475 1196 662 1260 mendicaret
677 1196 714 1258 ad
731 1217 815 1272 anes,

125 1298 302 1382 Blandaque
318 1299 441 1364 devexae
452 1301 582 1386 jactaret
596 1301 679 1364 basia
693 1300 808 1364 rhedae.

126 1402 159 1466 N
160 1424 229 1498 emo
245 1402 337 1486 magis
351 1405 511 1472 rhombum
525 1405 653 1489 stupuit:
675 1427 744 1468 nam
758 1404 884 1488 plurima
898 1402 971 1466 dixit

126 1506 161 1568 ln
176 1508 279 1568 laevarn
295 1529 456 1572 conversus
469 1531 478 1586 3
501 1523 530 1570 at
544 1510 584 1570 illi
598 1510 705 1570 dextre
714 1509 837 1590 jacebat

127 1607 254 1672 Bellua:
280 1610 331 1672 Sic
347 1632 461 1694 pugnas
476 1609 579 1672 Cilicis
593 1609 743 1684 laudabat,
759 1622 789 1670 et
803 1607 888 1682 ictus,
1038 1609 1098 1668 120

128 1711 170 1775 Et
184 1735 303 1796 pegma,
319 1729 349 1776 et
363 1735 471 1797 pueros
486 1713 555 1776 inde
571 1714 609 1776 ad
625 1713 734 1776 velaria
748 1725 858 1795 raptos.

128 1816 199 1879 Non
213 1817 294 1880 cedit
307 1815 446 1894 Veiento,
461 1818 526 1894 sed,
542 1831 574 1880 ut
588 1816 741 1892 fanaticus,
757 1829 847 1880 oestro

108 1937 112 1942 “
128 1920 303 1998 Percussus
319 1921 455 1998 Bellona,
469 1935 520 1984 tuo
536 1921 654 1998 divinat,
671 1935 710 1998 et,
724 1921 833 2004 Ingens

129 2015 229 2087 Omen
241 2025 344 2101 habes,
359 2025 460 2108 inquit,
476 2025 575 2108 magui
589 2025 719 2108 clarique
735 2025 892 2108 triumphi:

129 2128 248 2211 Regem
264 2130 390 2212 aliquem
405 2130 516 2214 capies,
533 2143 582 2192 aut
597 2130 636 2192 de
651 2143 770 2194 temone
785 2129 929 2192 Britanno
1040 2135 1101 2194 125

130 2231 262 2294 Excidet
276 2233 457 2316 Arviragus:
480 2235 636 2318 peregrina
650 2248 695 2298 est
709 2235 823 2298 bellua:
846 2234 943 2296 cernis

131 2335 258 2400 Erectas
273 2338 303 2400 in
318 2352 400 2420 terga
415 2338 529 2404 sudes?
574 2338 645 2402 Hoc
660 2338 752 2402 deluit
767 2359 858 2400 unum

130 2437 280 2516 Fabricio,
295 2442 418 2524 patriam
435 2457 466 2505 ut
479 2443 595 2506 rhombi
610 2456 790 2506 memoraret
804 2455 835 2504 et
849 2461 952 2504 annos.

130 2541 284 2616 Quidnam
299 2545 383 2628 igitur·
398 2546 527 2610 censes?
551 2546 739 2612 conciditur?
784 2545 871 2608 Absit
885 2544 922 2608 ab
937 2544 986 2607 illo

129 2647 274 2711 Dedecus
289 2651 356 2726 hoc,
372 2649 530 2716 Montanus
545 2653 603 2714 ait:
626 2665 701 2714 testa
716 2650 773 2712 alta
789 2661 917 2732 paretur,
1042 2653 1099 2715 180

130 2750 207 2824 Quae
223 2753 302 2815 tenui
318 2777 402 2819 muro
417 2757 577 2840 spatiosum
591 2756 709 2837 colligat
724 2755 838 2817 orbem.

128 2854 265 2918 Debetur
279 2880 403 2942 magnus
418 2859 522 2941 patinae
538 2859 708 2937 subitusque
724 2855 935 2920 Prometheus.
1006 2933 1010 2939 ἱ

128 2944 375 3046 Argillani‘atque
390 2974 485 3023 rotam
501 2958 586 3020 citius
601 2971 758 3040 properate
771 2979 781 3036 ;
804 2959 857 3022 sed
873 2981 913 3023 ex
928 2961 985 3026 boc

127 3061 282 3146 Tempore
292 3065 367 3149 jam,
383 3064 501 3138 Caesar,
516 3061 596 3143 figuli
612 3075 662 3123 tua
676 3075 772 3124 castra
787 3080 957 3148 sequantur.

126 3163 207 3230 Vicit
222 3169 311 3250 digna
326 3169 388 3230 viro
403 3155 557 3229 sententia.
604 3165 738 3229 Noverat
752 3167 799 3230 ille
1040 3175 1101 3234 135

128 3269 293 3334 Luxuriant
310 3269 425 3352 imperii
441 3283 583 3346 veterem,
599 3286 761 3356 noctesque
778 3271 909 3338 Neronis

126 3373 195 3435 Jarn
213 3374 337 3449 medias,
354 3374 499 3456 aliamque
516 3373 637 3453 semein,
654 3398 744 3460 quum
761 3379 862 3460 pulmo
879 3377 1008 3443 Falerno

64 3507 75 3524 ·
129 3475 266 3538 Arderet.
313 3477 394 3540 Nulli
412 3480 505 3564 major
520 3479 573 3542 luit
589 3504 658 3544 usus
674 3481 783 3544 edendi
