2534 4022
586 345 708 415 sunm
722 355 756 415 xl

179 510 324 588 Favisset,
339 512 362 574 si
376 531 518 595 oppressa
532 510 607 576 soret
622 534 727 576 secura
742 525 879 576 senectus

177 615 333 699 Principis,
349 615 406 678 hec
420 615 485 699 ipsd
501 616 643 700 Sejauum
659 617 772 680 diceret
785 617 859 680 bord

176 721 354 803 Augustum.
399 719 468 785 Janr
482 719 608 802 pridem,
625 741 664 782 ex
679 740 738 803 quo
753 721 889 802 suffragia
902 719 973 786 nulli

175 821 352 899 Vendimus,
368 819 471 886 effudit
485 844 573 886 curas
585 845 596 902 εΙ
615 845 683 886 nam
699 823 748 906 qui
763 823 851 885 dabat
864 823 934 886 olim

177 925 347 1010 Imperium,
363 927 470 1002 fasces,
485 927 627 1008 legiones,
642 927 751 1003 omnia,
765 949 843 990 nuuc
859 949 892 990 se

175 1029 325 1106 Continet,
342 1043 429 1114 atque
445 1031 519 1094 duas
533 1031 646 1093 tantum
660 1051 708 1094 res
723 1032 826 1094 anxius
840 1044 931 1114 optat,

174 1133 290 1197 Panem
306 1149 336 1198 et
351 1134 521 1199 Circenses.
567 1134 720 1198 Perituros
734 1136 822 1198 audio
836 1137 953 1200 multos.

174 1235 226 1302 Nil
241 1240 386 1318 dubium3
408 1261 516 1321 magna
531 1252 575 1302 est
589 1237 762 1302 fornacula:
783 1241 939 1322 pallidulus
953 1241 996 1304 mi

173 1341 326 1405 Brutidius
340 1363 425 1404 meus
440 1343 478 1404 ad
493 1341 597 1404 Martis
612 1341 665 1404 suit
679 1342 782 1404 obvius
797 1364 890 1406 aram.

175 1444 277 1518 Quam
292 1446 392 1520 timeo,
405 1444 500 1506 'victus
514 1465 553 1505 ne
568 1463 672 1526 poenas
687 1444 786 1526 exigat
800 1444 890 1528 Ajax,

174 1547 218 1612 Ut
231 1549 308 1611 male
324 1547 484 1610 defensus!
508 1561 660 1610 curramus
674 1549 847 1631 praecipites,
864 1563 903 1626 et,

172 1653 255 1715 Dum
266 1653 349 1738 jacet
362 1653 391 1714 in
405 1651 479 1735 ripa,
495 1653 646 1716 calcemus
660 1649 788 1716 Caesaris
803 1654 929 1718 hostem.

174 1756 238 1819 Sed
253 1758 372 1820 videant
386 1757 472 1833 servi,
488 1777 525 1819 ne
541 1757 606 1840 quis
619 1769 718 1840 neget,
734 1771 764 1821 et
778 1759 916 1843 pavidum
932 1759 961 1822 in
971 1759 1021 1844 jus

171 1857 301 1924 Cervice
316 1859 454 1924 obstricti
469 1860 621 1923 dominum
636 1862 740 1924 trahat.
787 1861 828 1924 Hi
843 1883 995 1926 sermones

170 1963 261 2028 Tunc
277 1966 315 2026 de
332 1964 453 2048 Sejano,
469 1977 583 2027 secreta
597 1963 661 2030 haec
676 1985 827 2028 murmura
840 1967 930 2048 vulgi.

170 2063 264 2126 Visne
280 2064 407 2138 salutari,
422 2063 497 2125 sicut
512 2061 665 2147 Sejanus?
687 2062 798 2125 habere

170 2166 374 2242 Tantundem,
390 2181 478 2249 atque
492 2166 531 2228 illi
547 2181 677 2230 summas
693 2167 803 2230 donare
818 2167 962 2232 curules?

169 2273 256 2336 Illum
272 2272 449 2336 exercitibus
463 2271 661 2356 preponere?
683 2285 760 2336 tutor
773 2273 875 2336 haberi

169 2377 315 2460 Principis
330 2374 454 2460 angustia
468 2375 654 2460 Caprearum
668 2377 697 2438 in
711 2397 785 2461 rupe
800 2379 929 2444 sedentis

169 2479 251 2544 Cum
266 2501 357 2563 grege
372 2479 540 2542 Chaldaeo?
585 2479 735 2544 Vis-cene
749 2481 818 2565 pila,
833 2483 981 2559 cohortes,

168 2583 316 2667 Egregios
331 2585 453 2666 equites,
469 2597 500 2646 et
513 2597 609 2648 castra
623 2584 812 2648 domestica?
856 2584 970 2660 Quidni

169 2687 251 2750 Haec
266 2685 392 2769 cupias?
416 2699 455 2760 et,
472 2687 521 2767 qui
535 2687 638 2748 nolunt
650 2688 790 2750 occidere
806 2706 984 2770 quenquam,

168 2790 264 2854 Posse
279 2791 389 2852 volunt.
437 2789 499 2851 Sed
515 2808 579 2870 quae
594 2788 736 2871 preclara
750 2801 780 2852 et
792 2782 934 2873 prospera
949 2793 1030 2871 tanti,

167 2895 211 2959 Ut
225 2896 312 2958 rebus
325 2894 398 2958 laetis
411 2913 466 2977 par
480 2892 667 2956 sit-mensura
681 2891 850 2955 maiorum?
968 2967 972 2971 .

169 2997 277 3082 Hujus,
293 2998 342 3081 qui
356 2997 487 3072 trahitur,
502 3009 673 3078 pretextam
688 3017 806 3060 sumere
822 2999 925 3076 mavis,
1254 3053 1255 3058 ,

168 3105 216 3166 An
233 3102 415 3166 Fidenarum
431 3100 651 3180 Gabiorumque
666 3119 733 3163 esse
747 3112 886 3182 potestus,
1022 3161 1025 3168 ,
1082 3114 1142 3172 100
1254 3087 1255 3128 ³

168 3207 211 3272 Et
225 3209 264 3270 de
279 3205 419 3270 mensura
426 3205 477 3289 jus
491 3204 602 3280 dicere,
616 3223 688 3266 vasa
701 3203 815 3266 minora

169 3310 321 3394 Frangere
336 3331 485 3394 pannosus
498 3308 598 3372 vacuis
613 3307 704 3370 edilis
718 3305 864 3372 Ulubris?

168 3415 253 3498 Ergo
267 3416 337 3498 quid
351 3415 511 3499 optandum
528 3411 613 3488 foret,
627 3411 777 3496 ignorasse
792 3412 892 3478 fateris

169 3518 333 3605 Sejanuma
354 3537 424 3580 uam
438 3516 489 3600 qui
501 3515 608 3580 nimios
621 3516 742 3600 optabat
754 3515 892 3592 honores,
