<?xml version="1.0" encoding="UTF-8"?>
<!DOCTYPE html PUBLIC "-//W3C//DTD XHTML 1.0 Transitional//EN"
    "http://www.w3.org/TR/xhtml1/DTD/xhtml1-transitional.dtd">
<html xmlns="http://www.w3.org/1999/xhtml" xml:lang="en" lang="en">
 <head>
  <title>
</title>
<meta http-equiv="Content-Type" content="text/html;charset=utf-8" />
  <meta name='ocr-system' content='tesseract 3.04.00' />
  <meta name='ocr-capabilities' content='ocr_page ocr_carea ocr_par ocr_line ocrx_word'/>
</head>
<body>
  <div class='ocr_page' id='page_1' title='image "./djuniijuvenalis09juvegoog_0127.png"; bbox 0 0 2532 4008; ppageno 0'>
   <div class='ocr_carea' id='block_1_1' title="bbox 136 347 802 424">
    <p class='ocr_par' dir='ltr' id='par_1_1' title="bbox 136 347 802 424">
     <span class='ocr_line' id='line_1_1' title="bbox 136 347 802 424; baseline -0.021 -17"><span class='ocrx_word' id='word_1_1' title='bbox 136 365 196 424; x_wconf 76' lang='lat'>120</span> <span class='ocrx_word' id='word_1_2' title='bbox 451 353 486 400; x_wconf 84' lang='lat'>1).</span> <span class='ocrx_word' id='word_1_3' title='bbox 501 349 595 402; x_wconf 82' lang='lat' dir='ltr'>surm</span> <span class='ocrx_word' id='word_1_4' title='bbox 611 347 802 400; x_wconf 68' lang='lat' dir='ltr'>turnucum</span> 
     </span>
    </p>
   </div>
   <div class='ocr_carea' id='block_1_2' title="bbox 132 496 905 900">
    <p class='ocr_par' dir='ltr' id='par_1_2' title="bbox 134 496 905 684">
     <span class='ocr_line' id='line_1_2' title="bbox 134 496 905 584; baseline -0.022 -13"><span class='ocrx_word' id='word_1_5' title='bbox 134 507 204 571; x_wconf 88' lang='lat' dir='ltr'>Nec</span> <span class='ocrx_word' id='word_1_6' title='bbox 215 504 314 569; x_wconf 88' lang='lat' dir='ltr'>Croesi</span> <span class='ocrx_word' id='word_1_7' title='bbox 329 503 444 567; x_wconf 81' lang='lat' dir='ltr'>fortuna</span> <span class='ocrx_word' id='word_1_8' title='bbox 457 520 588 584; x_wconf 82' lang='lat' dir='ltr'>unquam</span> <span class='ocrx_word' id='word_1_9' title='bbox 602 519 659 562; x_wconf 85' lang='lat' dir='ltr'>nec</span> <span class='ocrx_word' id='word_1_10' title='bbox 674 496 798 559; x_wconf 84' lang='lat' dir='ltr'>Persica</span> <span class='ocrx_word' id='word_1_11' title='bbox 813 510 905 574; x_wconf 84' lang='lat' dir='ltr'>regna</span> 
     </span>
     <span class='ocr_line' id='line_1_3' title="bbox 135 601 761 684; baseline -0.024 -10"><span class='ocrx_word' id='word_1_12' title='bbox 135 611 289 674; x_wconf 81' lang='lat' dir='ltr'>Sufficiant</span> <span class='ocrx_word' id='word_1_13' title='bbox 304 609 412 684; x_wconf 87' lang='lat' dir='ltr'>animo,</span> <span class='ocrx_word' id='word_1_14' title='bbox 426 629 484 670; x_wconf 89' lang='lat' dir='ltr'>noc</span> <span class='ocrx_word' id='word_1_15' title='bbox 498 605 602 668; x_wconf 77' lang='lat' dir='ltr'>divitie</span> <span class='ocrx_word' id='word_1_16' title='bbox 617 601 761 676; x_wconf 82' lang='lat' dir='ltr'><strong>Narcissi,</strong></span> 
     </span>
    </p>

    <p class='ocr_par' dir='ltr' id='par_1_3' title="bbox 132 704 818 900">
     <span class='ocr_line' id='line_1_4' title="bbox 132 704 818 787; baseline -0.019 -10"><span class='ocrx_word' id='word_1_17' title='bbox 132 715 256 778; x_wconf 86' lang='lat' dir='ltr'>Indulsit</span> <span class='ocrx_word' id='word_1_18' title='bbox 269 713 372 776; x_wconf 85' lang='lat' dir='ltr'>Caesar</span> <span class='ocrx_word' id='word_1_19' title='bbox 386 713 435 775; x_wconf 90' lang='lat' dir='ltr'>cui</span> <span class='ocrx_word' id='word_1_20' title='bbox 450 710 595 774; x_wconf 85' lang='lat' dir='ltr'>Claudius</span> <span class='ocrx_word' id='word_1_21' title='bbox 609 707 718 782; x_wconf 87' lang='lat' dir='ltr'>omnia,</span> <span class='ocrx_word' id='word_1_22' title='bbox 734 704 818 787; x_wconf 88' lang='lat' dir='ltr'>cujus</span> 
     </span>
     <span class='ocr_line' id='line_1_5' title="bbox 133 809 806 900; baseline -0.015 -20"><span class='ocrx_word' id='word_1_23' title='bbox 133 817 236 880; x_wconf 90' lang='lat' dir='ltr'>Paruit</span> <span class='ocrx_word' id='word_1_24' title='bbox 250 817 389 900; x_wconf 89' lang='lat' dir='ltr'>imperiis,</span> <span class='ocrx_word' id='word_1_25' title='bbox 404 835 530 878; x_wconf 85' lang='lat' dir='ltr'>uxorem</span> <span class='ocrx_word' id='word_1_26' title='bbox 545 812 685 876; x_wconf 88' lang='lat' dir='ltr'>occidere</span> <span class='ocrx_word' id='word_1_27' title='bbox 696 809 806 893; x_wconf 80' lang='lat' dir='ltr'>jussus.</span> 
     </span>
    </p>
   </div>
   <div class='ocr_carea' id='block_1_3' title="bbox 495 1223 751 1290">
    <p class='ocr_par' dir='ltr' id='par_1_4' title="bbox 495 1223 751 1290">
     <span class='ocr_line' id='line_1_6' title="bbox 495 1223 751 1290; baseline -0.027 0"><span class='ocrx_word' id='word_1_28' title='bbox 495 1225 657 1290; x_wconf 87' lang='lat' dir='ltr'>SATIRA</span> <span class='ocrx_word' id='word_1_29' title='bbox 678 1223 751 1286; x_wconf 84' lang='lat' dir='ltr'>XV.</span> 
     </span>
    </p>
   </div>
   <div class='ocr_carea' id='block_1_4' title="bbox 126 1433 1109 3597">
    <p class='ocr_par' dir='ltr' id='par_1_5' title="bbox 133 1433 896 1517">
     <span class='ocr_line' id='line_1_7' title="bbox 133 1433 896 1517; baseline -0.012 -14"><span class='ocrx_word' id='word_1_30' title='bbox 133 1441 218 1514; x_wconf 83' lang='lat' dir='ltr'>Qurs</span> <span class='ocrx_word' id='word_1_31' title='bbox 233 1439 337 1514; x_wconf 91' lang='lat' dir='ltr'>nescit,</span> <span class='ocrx_word' id='word_1_32' title='bbox 351 1435 456 1500; x_wconf 87' lang='lat' dir='ltr'>Volusi</span> <span class='ocrx_word' id='word_1_33' title='bbox 471 1435 640 1517; x_wconf 85' lang='lat' dir='ltr'>Bithynice,</span> <span class='ocrx_word' id='word_1_34' title='bbox 657 1435 755 1517; x_wconf 89' lang='lat' dir='ltr'>qualia</span> <span class='ocrx_word' id='word_1_35' title='bbox 770 1433 896 1496; x_wconf 85' lang='lat' dir='ltr'>demens</span> 
     </span>
    </p>

    <p class='ocr_par' dir='ltr' id='par_1_6' title="bbox 133 1531 948 1626">
     <span class='ocr_line' id='line_1_8' title="bbox 133 1531 948 1626; baseline -0.012 -19"><span class='ocrx_word' id='word_1_36' title='bbox 133 1545 282 1626; x_wconf 81' lang='lat' dir='ltr'>AEgyptus</span> <span class='ocrx_word' id='word_1_37' title='bbox 296 1555 429 1624; x_wconf 91' lang='lat' dir='ltr'>portenta</span> <span class='ocrx_word' id='word_1_38' title='bbox 444 1539 547 1602; x_wconf 83' lang='lat' dir='ltr'>colat?</span> <span class='ocrx_word' id='word_1_39' title='bbox 571 1538 755 1601; x_wconf 82' lang='lat' dir='ltr'>Crocodilon</span> <span class='ocrx_word' id='word_1_40' title='bbox 771 1539 874 1598; x_wconf 88' lang='lat' dir='ltr'>adorat</span> <span class='ocrx_word' id='word_1_41' title='bbox 941 1531 948 1538; x_wconf 73' lang='grc'><em>“</em></span> 
     </span>
    </p>

    <p class='ocr_par' dir='ltr' id='par_1_7' title="bbox 134 1637 999 1832">
     <span class='ocr_line' id='line_1_9' title="bbox 134 1637 999 1726; baseline -0.005 -18"><span class='ocrx_word' id='word_1_42' title='bbox 134 1646 211 1708; x_wconf 88' lang='lat' dir='ltr'>Pars</span> <span class='ocrx_word' id='word_1_43' title='bbox 225 1647 311 1707; x_wconf 76' lang='lat' dir='ltr'>haecz</span> <span class='ocrx_word' id='word_1_44' title='bbox 333 1645 382 1705; x_wconf 90' lang='lat' dir='ltr'>illa</span> <span class='ocrx_word' id='word_1_45' title='bbox 396 1657 483 1726; x_wconf 89' lang='lat' dir='ltr'>pavet</span> <span class='ocrx_word' id='word_1_46' title='bbox 498 1657 626 1706; x_wconf 86' lang='lat' dir='ltr'>saturam</span> <span class='ocrx_word' id='word_1_47' title='bbox 641 1642 826 1724; x_wconf 83' lang='lat' dir='ltr'>serpentibus</span> <span class='ocrx_word' id='word_1_48' title='bbox 840 1641 910 1704; x_wconf 88' lang='lat' dir='ltr'>ibin.</span> <span class='ocrx_word' id='word_1_49' title='bbox 997 1637 999 1640; x_wconf 59' lang='grc'><strong>’</strong></span> 
     </span>
     <span class='ocr_line' id='line_1_10' title="bbox 135 1747 765 1832; baseline -0.008 -20"><span class='ocrx_word' id='word_1_50' title='bbox 135 1747 260 1832; x_wconf 81' lang='lat' dir='ltr'>Effigies</span> <span class='ocrx_word' id='word_1_51' title='bbox 275 1747 349 1810; x_wconf 86' lang='lat' dir='ltr'>sacri</span> <span class='ocrx_word' id='word_1_52' title='bbox 365 1748 436 1810; x_wconf 88' lang='lat' dir='ltr'>nitet</span> <span class='ocrx_word' id='word_1_53' title='bbox 450 1769 541 1810; x_wconf 88' lang='lat' dir='ltr'>aurea</span> <span class='ocrx_word' id='word_1_54' title='bbox 555 1747 765 1830; x_wconf 80' lang='lat' dir='ltr'>cercopitheci,</span> 
     </span>
    </p>

    <p class='ocr_par' dir='ltr' id='par_1_8' title="bbox 134 1851 1107 2041">
     <span class='ocr_line' id='line_1_11' title="bbox 134 1851 1107 1934; baseline -0.007 -17"><span class='ocrx_word' id='word_1_55' title='bbox 134 1854 268 1917; x_wconf 88' lang='lat' dir='ltr'>Dimidio</span> <span class='ocrx_word' id='word_1_56' title='bbox 283 1853 405 1934; x_wconf 83' lang='lat' dir='ltr'>magicae</span> <span class='ocrx_word' id='word_1_57' title='bbox 420 1866 557 1916; x_wconf 88' lang='lat' dir='ltr'>resonant</span> <span class='ocrx_word' id='word_1_58' title='bbox 572 1853 620 1914; x_wconf 88' lang='lat' dir='ltr'>ubi</span> <span class='ocrx_word' id='word_1_59' title='bbox 636 1851 798 1913; x_wconf 85' lang='lat' dir='ltr'>Memnone</span> <span class='ocrx_word' id='word_1_60' title='bbox 813 1851 943 1924; x_wconf 77' lang='lat' dir='ltr'>chorda,</span> <span class='ocrx_word' id='word_1_61' title='bbox 1090 1853 1107 1910; x_wconf 79' lang='lat'><strong>5</strong></span> 
     </span>
     <span class='ocr_line' id='line_1_12' title="bbox 135 1955 915 2041; baseline -0.006 -20"><span class='ocrx_word' id='word_1_62' title='bbox 135 1960 234 2041; x_wconf 87' lang='lat' dir='ltr'>Atque</span> <span class='ocrx_word' id='word_1_63' title='bbox 250 1971 333 2020; x_wconf 90' lang='lat' dir='ltr'>vetus</span> <span class='ocrx_word' id='word_1_64' title='bbox 347 1955 457 2019; x_wconf 88' lang='lat' dir='ltr'>Thebe</span> <span class='ocrx_word' id='word_1_65' title='bbox 472 1970 590 2018; x_wconf 89' lang='lat' dir='ltr'>centurn</span> <span class='ocrx_word' id='word_1_66' title='bbox 601 1956 683 2041; x_wconf 88' lang='lat' dir='ltr'>jacet</span> <span class='ocrx_word' id='word_1_67' title='bbox 697 1957 800 2018; x_wconf 86' lang='lat' dir='ltr'>obruta</span> <span class='ocrx_word' id='word_1_68' title='bbox 815 1955 915 2037; x_wconf 83' lang='lat' dir='ltr'>portis.</span> 
     </span>
    </p>

    <p class='ocr_par' dir='ltr' id='par_1_9' title="bbox 133 2059 780 2146">
     <span class='ocr_line' id='line_1_13' title="bbox 133 2059 780 2146; baseline -0.008 -22"><span class='ocrx_word' id='word_1_69' title='bbox 133 2062 196 2126; x_wconf 85' lang='lat' dir='ltr'>Illic</span> <span class='ocrx_word' id='word_1_70' title='bbox 211 2063 362 2138; x_wconf 85' lang='lat' dir='ltr'>caeruleos,</span> <span class='ocrx_word' id='word_1_71' title='bbox 378 2061 427 2124; x_wconf 88' lang='lat' dir='ltr'>hic</span> <span class='ocrx_word' id='word_1_72' title='bbox 442 2063 555 2146; x_wconf 87' lang='lat' dir='ltr'>piscem</span> <span class='ocrx_word' id='word_1_73' title='bbox 571 2061 706 2136; x_wconf 86' lang='lat' dir='ltr'>fluminis,</span> <span class='ocrx_word' id='word_1_74' title='bbox 722 2059 780 2120; x_wconf 84' lang='lat' dir='ltr'>illic</span> 
     </span>
    </p>

    <p class='ocr_par' dir='ltr' id='par_1_10' title="bbox 134 2164 911 2250">
     <span class='ocr_line' id='line_1_14' title="bbox 134 2164 911 2250; baseline -0.008 -22"><span class='ocrx_word' id='word_1_75' title='bbox 134 2166 255 2250; x_wconf 87' lang='lat' dir='ltr'>Oppida</span> <span class='ocrx_word' id='word_1_76' title='bbox 269 2179 329 2228; x_wconf 90' lang='lat' dir='ltr'>tota</span> <span class='ocrx_word' id='word_1_77' title='bbox 343 2187 451 2228; x_wconf 87' lang='lat' dir='ltr'>canem</span> <span class='ocrx_word' id='word_1_78' title='bbox 464 2178 650 2238; x_wconf 85' lang='lat' dir='ltr'>venerantur,</span> <span class='ocrx_word' id='word_1_79' title='bbox 666 2185 755 2224; x_wconf 88' lang='lat' dir='ltr'>nemo</span> <span class='ocrx_word' id='word_1_80' title='bbox 769 2164 911 2226; x_wconf 87' lang='lat' dir='ltr'>Dianam.</span> 
     </span>
    </p>

    <p class='ocr_par' dir='ltr' id='par_1_11' title="bbox 133 2265 958 2350">
     <span class='ocr_line' id='line_1_15' title="bbox 133 2265 958 2350; baseline -0.008 -18"><span class='ocrx_word' id='word_1_81' title='bbox 133 2267 261 2332; x_wconf 90' lang='lat' dir='ltr'>Porrum</span> <span class='ocrx_word' id='word_1_82' title='bbox 278 2283 308 2330; x_wconf 91' lang='lat' dir='ltr'>et</span> <span class='ocrx_word' id='word_1_83' title='bbox 321 2291 404 2350; x_wconf 88' lang='lat' dir='ltr'>caepe</span> <span class='ocrx_word' id='word_1_84' title='bbox 418 2268 504 2330; x_wconf 80' lang='lat' dir='ltr'>nefas</span> <span class='ocrx_word' id='word_1_85' title='bbox 518 2268 636 2341; x_wconf 88' lang='lat' dir='ltr'>violare,</span> <span class='ocrx_word' id='word_1_86' title='bbox 650 2279 682 2327; x_wconf 91' lang='lat' dir='ltr'>et</span> <span class='ocrx_word' id='word_1_87' title='bbox 696 2265 831 2346; x_wconf 81' lang='lat' dir='ltr'>frangere</span> <span class='ocrx_word' id='word_1_88' title='bbox 847 2287 958 2328; x_wconf 88' lang='lat' dir='ltr'>morsu.</span> 
     </span>
    </p>

    <p class='ocr_par' dir='ltr' id='par_1_12' title="bbox 133 2355 1109 2554">
     <span class='ocr_line' id='line_1_16' title="bbox 134 2355 1109 2454; baseline -0.005 -18"><span class='ocrx_word' id='word_1_89' title='bbox 134 2373 164 2436; x_wconf 95' lang='grc' dir='ltr'>Ο</span> <span class='ocrx_word' id='word_1_90' title='bbox 179 2387 294 2436; x_wconf 87' lang='lat' dir='ltr'>sanctas</span> <span class='ocrx_word' id='word_1_91' title='bbox 309 2386 422 2454; x_wconf 72' lang='lat' dir='ltr'>genten,</span> <span class='ocrx_word' id='word_1_92' title='bbox 439 2371 543 2452; x_wconf 91' lang='lat' dir='ltr'>quibus</span> <span class='ocrx_word' id='word_1_93' title='bbox 557 2371 626 2431; x_wconf 81' lang='lat' dir='ltr'>haec</span> <span class='ocrx_word' id='word_1_94' title='bbox 641 2355 799 2430; x_wconf 82' lang='lat' dir='ltr'>nascuntur</span> <span class='ocrx_word' id='word_1_95' title='bbox 813 2369 843 2430; x_wconf 93' lang='lat' dir='ltr'>in</span> <span class='ocrx_word' id='word_1_96' title='bbox 857 2369 947 2432; x_wconf 85' lang='lat' dir='ltr'>hortis</span> <span class='ocrx_word' id='word_1_97' title='bbox 1072 2375 1109 2431; x_wconf 87' lang='lat'>10</span> 
     </span>
     <span class='ocr_line' id='line_1_17' title="bbox 133 2473 865 2554; baseline -0.008 -10"><span class='ocrx_word' id='word_1_98' title='bbox 133 2477 283 2544; x_wconf 87' lang='lat' dir='ltr'>Numina!</span> <span class='ocrx_word' id='word_1_99' title='bbox 307 2477 428 2540; x_wconf 86' lang='lat' dir='ltr'>Lanatis</span> <span class='ocrx_word' id='word_1_100' title='bbox 444 2475 614 2537; x_wconf 88' lang='lat' dir='ltr'>animalibus</span> <span class='ocrx_word' id='word_1_101' title='bbox 629 2473 753 2554; x_wconf 81' lang='lat' dir='ltr'>abstinet</span> <span class='ocrx_word' id='word_1_102' title='bbox 767 2475 865 2538; x_wconf 80' lang='lat' dir='ltr'>omnia</span> 
     </span>
    </p>

    <p class='ocr_par' dir='ltr' id='par_1_13' title="bbox 132 2577 963 2767">
     <span class='ocr_line' id='line_1_18' title="bbox 132 2577 963 2662; baseline -0.004 -19"><span class='ocrx_word' id='word_1_103' title='bbox 132 2581 250 2643; x_wconf 89' lang='lat' dir='ltr'>Mensa.</span> <span class='ocrx_word' id='word_1_104' title='bbox 296 2581 328 2640; x_wconf 95' lang='lat' dir='ltr'>N</span> <span class='ocrx_word' id='word_1_105' title='bbox 329 2579 392 2640; x_wconf 85' lang='lat' dir='ltr'>elas</span> <span class='ocrx_word' id='word_1_106' title='bbox 406 2578 463 2639; x_wconf 85' lang='lat' dir='ltr'>illic</span> <span class='ocrx_word' id='word_1_107' title='bbox 478 2577 582 2640; x_wconf 86' lang='lat' dir='ltr'>foetum</span> <span class='ocrx_word' id='word_1_108' title='bbox 592 2577 728 2661; x_wconf 83' lang='lat' dir='ltr'>jugulare</span> <span class='ocrx_word' id='word_1_109' title='bbox 743 2580 884 2662; x_wconf 86' lang='lat' dir='ltr'>capellae:</span> <span class='ocrx_word' id='word_1_110' title='bbox 960 2595 963 2600; x_wconf 84' lang='lat'>&#39;</span> 
     </span>
     <span class='ocr_line' id='line_1_19' title="bbox 133 2681 900 2767; baseline 0.001 -21"><span class='ocrx_word' id='word_1_111' title='bbox 133 2681 281 2746; x_wconf 85' lang='lat' dir='ltr'>Carnibus</span> <span class='ocrx_word' id='word_1_112' title='bbox 294 2683 430 2744; x_wconf 87' lang='lat' dir='ltr'>humanis</span> <span class='ocrx_word' id='word_1_113' title='bbox 444 2683 524 2746; x_wconf 84' lang='lat' dir='ltr'>vesci</span> <span class='ocrx_word' id='word_1_114' title='bbox 538 2684 618 2746; x_wconf 88' lang='lat' dir='ltr'>licet.</span> <span class='ocrx_word' id='word_1_115' title='bbox 663 2685 794 2746; x_wconf 88' lang='lat' dir='ltr'>Attonito</span> <span class='ocrx_word' id='word_1_116' title='bbox 809 2705 900 2767; x_wconf 89' lang='lat' dir='ltr'>quum</span> 
     </span>
    </p>

    <p class='ocr_par' dir='ltr' id='par_1_14' title="bbox 131 2787 852 2872">
     <span class='ocr_line' id='line_1_20' title="bbox 131 2787 852 2872; baseline -0.001 -22"><span class='ocrx_word' id='word_1_117' title='bbox 131 2787 210 2850; x_wconf 87' lang='lat' dir='ltr'>Tale</span> <span class='ocrx_word' id='word_1_118' title='bbox 226 2809 314 2872; x_wconf 90' lang='lat' dir='ltr'>super</span> <span class='ocrx_word' id='word_1_119' title='bbox 329 2808 446 2850; x_wconf 89' lang='lat' dir='ltr'>coenam</span> <span class='ocrx_word' id='word_1_120' title='bbox 462 2787 575 2851; x_wconf 88' lang='lat' dir='ltr'>facinus</span> <span class='ocrx_word' id='word_1_121' title='bbox 590 2803 720 2860; x_wconf 83' lang='lat' dir='ltr'>narraret</span> <span class='ocrx_word' id='word_1_122' title='bbox 733 2789 852 2868; x_wconf 82' lang='lat' dir='ltr'>Ulyxes</span> 
     </span>
    </p>

    <p class='ocr_par' dir='ltr' id='par_1_15' title="bbox 133 2889 1107 3076">
     <span class='ocr_line' id='line_1_21' title="bbox 133 2889 1107 2972; baseline 0.002 -20"><span class='ocrx_word' id='word_1_123' title='bbox 133 2891 269 2965; x_wconf 88' lang='lat' dir='ltr'>Alcinoo,</span> <span class='ocrx_word' id='word_1_124' title='bbox 285 2892 373 2951; x_wconf 91' lang='lat' dir='ltr'>bilem</span> <span class='ocrx_word' id='word_1_125' title='bbox 389 2903 438 2950; x_wconf 90' lang='lat' dir='ltr'>aut</span> <span class='ocrx_word' id='word_1_126' title='bbox 452 2891 543 2950; x_wconf 90' lang='lat' dir='ltr'>risum</span> <span class='ocrx_word' id='word_1_127' title='bbox 557 2891 678 2952; x_wconf 82' lang='lat' dir='ltr'>sortasse</span> <span class='ocrx_word' id='word_1_128' title='bbox 695 2889 870 2972; x_wconf 88' lang='lat' dir='ltr'>quibusdam</span> <span class='ocrx_word' id='word_1_129' title='bbox 1069 2899 1107 2954; x_wconf 81' lang='grc'>15</span> 
     </span>
     <span class='ocr_line' id='line_1_22' title="bbox 133 2993 944 3076; baseline 0.001 -21"><span class='ocrx_word' id='word_1_130' title='bbox 133 2993 278 3062; x_wconf 80' lang='lat' dir='ltr'>Moverat,</span> <span class='ocrx_word' id='word_1_131' title='bbox 294 3007 326 3054; x_wconf 93' lang='lat' dir='ltr'>ut</span> <span class='ocrx_word' id='word_1_132' title='bbox 341 2993 472 3053; x_wconf 82' lang='lat' dir='ltr'>mendax</span> <span class='ocrx_word' id='word_1_133' title='bbox 486 2994 661 3076; x_wconf 83' lang='lat' dir='ltr'>aretalogus.</span> <span class='ocrx_word' id='word_1_134' title='bbox 707 2993 740 3054; x_wconf 91' lang='lat' dir='ltr'>In</span> <span class='ocrx_word' id='word_1_135' title='bbox 757 3015 839 3058; x_wconf 89' lang='lat' dir='ltr'>mare</span> <span class='ocrx_word' id='word_1_136' title='bbox 855 3015 944 3058; x_wconf 88' lang='lat' dir='ltr'>nemo</span> 
     </span>
    </p>

    <p class='ocr_par' dir='ltr' id='par_1_16' title="bbox 133 3095 893 3181">
     <span class='ocr_line' id='line_1_23' title="bbox 133 3095 893 3181; baseline 0 -22"><span class='ocrx_word' id='word_1_137' title='bbox 133 3095 225 3160; x_wconf 91' lang='lat' dir='ltr'>Hunc</span> <span class='ocrx_word' id='word_1_138' title='bbox 241 3097 337 3173; x_wconf 88' lang='lat' dir='ltr'>abicit,</span> <span class='ocrx_word' id='word_1_139' title='bbox 353 3096 431 3160; x_wconf 75' lang='lat' dir='ltr'>saevb</span> <span class='ocrx_word' id='word_1_140' title='bbox 446 3097 567 3180; x_wconf 83' lang='lat' dir='ltr'>dignum</span> <span class='ocrx_word' id='word_1_141' title='bbox 581 3097 712 3181; x_wconf 69' lang='lat' dir='ltr'>veraque</span> <span class='ocrx_word' id='word_1_142' title='bbox 728 3097 893 3180; x_wconf 79' lang='lat' dir='ltr'>Charyde,</span> 
     </span>
    </p>

    <p class='ocr_par' dir='ltr' id='par_1_17' title="bbox 134 3200 985 3288">
     <span class='ocr_line' id='line_1_24' title="bbox 134 3200 985 3288; baseline 0.006 -26"><span class='ocrx_word' id='word_1_143' title='bbox 134 3200 311 3284; x_wconf 84' lang='lat' dir='ltr'>Fingentem</span> <span class='ocrx_word' id='word_1_144' title='bbox 326 3203 470 3264; x_wconf 81' lang='lat' dir='ltr'>immanes</span> <span class='ocrx_word' id='word_1_145' title='bbox 485 3202 693 3282; x_wconf 81' lang='lat' dir='ltr'>Laestrygonas</span> <span class='ocrx_word' id='word_1_146' title='bbox 708 3215 794 3282; x_wconf 90' lang='lat' dir='ltr'>atquc</span> <span class='ocrx_word' id='word_1_147' title='bbox 810 3201 985 3288; x_wconf 85' lang='lat' dir='ltr'>Cyclopas?</span> 
     </span>
    </p>

    <p class='ocr_par' dir='ltr' id='par_1_18' title="bbox 126 3304 841 3386">
     <span class='ocr_line' id='line_1_25' title="bbox 126 3304 841 3386; baseline 0.006 -19"><span class='ocrx_word' id='word_1_148' title='bbox 126 3304 215 3374; x_wconf 83' lang='lat' dir='ltr'>Nam</span> <span class='ocrx_word' id='word_1_149' title='bbox 230 3306 314 3368; x_wconf 83' lang='lat' dir='ltr'>citiirs</span> <span class='ocrx_word' id='word_1_150' title='bbox 330 3306 472 3386; x_wconf 88' lang='lat' dir='ltr'>Scyllam,</span> <span class='ocrx_word' id='word_1_151' title='bbox 487 3306 534 3364; x_wconf 85' lang='lat' dir='ltr'>vel</span> <span class='ocrx_word' id='word_1_152' title='bbox 549 3306 753 3368; x_wconf 88' lang='lat' dir='ltr'>concurrentia</span> <span class='ocrx_word' id='word_1_153' title='bbox 768 3329 841 3370; x_wconf 88' lang='lat' dir='ltr'>saxa</span> 
     </span>
    </p>

    <p class='ocr_par' dir='ltr' id='par_1_19' title="bbox 133 3407 1107 3597">
     <span class='ocr_line' id='line_1_26' title="bbox 133 3407 1107 3493; baseline 0.004 -21"><span class='ocrx_word' id='word_1_154' title='bbox 133 3407 284 3492; x_wconf 85' lang='lat' dir='ltr'>Cyaneas,</span> <span class='ocrx_word' id='word_1_155' title='bbox 299 3411 403 3493; x_wconf 88' lang='lat' dir='ltr'>plenos</span> <span class='ocrx_word' id='word_1_156' title='bbox 418 3423 448 3470; x_wconf 88' lang='lat' dir='ltr'>et</span> <span class='ocrx_word' id='word_1_157' title='bbox 462 3410 683 3492; x_wconf 87' lang='lat' dir='ltr'>tempestatibus</span> <span class='ocrx_word' id='word_1_158' title='bbox 698 3426 777 3474; x_wconf 90' lang='lat' dir='ltr'>utres</span> <span class='ocrx_word' id='word_1_159' title='bbox 1064 3419 1107 3476; x_wconf 75' lang='lat'>90</span> 
     </span>
     <span class='ocr_line' id='line_1_27' title="bbox 133 3511 948 3597; baseline 0.011 -24"><span class='ocrx_word' id='word_1_160' title='bbox 133 3511 332 3588; x_wconf 87' lang='lat' dir='ltr'>Crediderim,</span> <span class='ocrx_word' id='word_1_161' title='bbox 348 3527 398 3576; x_wconf 91' lang='lat' dir='ltr'>aut</span> <span class='ocrx_word' id='word_1_162' title='bbox 411 3515 491 3576; x_wconf 90' lang='lat' dir='ltr'>tenui</span> <span class='ocrx_word' id='word_1_163' title='bbox 506 3530 685 3597; x_wconf 68' lang='lat' dir='ltr'>percussum«</span> <span class='ocrx_word' id='word_1_164' title='bbox 694 3519 817 3582; x_wconf 89' lang='lat' dir='ltr'>verbere</span> <span class='ocrx_word' id='word_1_165' title='bbox 833 3518 948 3594; x_wconf 86' lang='lat' dir='ltr'>Circes,</span> 
     </span>
    </p>
   </div>
   <div class='ocr_carea' id='block_1_5' title="bbox 0 0 1270 4008">
    <p class='ocr_par' dir='ltr' id='par_1_20' title="bbox 0 0 1270 4008">
     <span class='ocr_line' id='line_1_28' title="bbox 0 0 1270 4008; baseline 0 0"><span class='ocrx_word' id='word_1_166' title='bbox 0 0 1270 4008; x_wconf 95' lang='lat' dir='ltr'> </span> 
     </span>
    </p>
   </div>
  </div>
 </body>
</html>
