2532 4008
585 333 707 384 sams
721 333 755 384 X.

183 477 227 542 Et
241 492 357 542 eurtum
371 493 489 544 temone
498 480 615 565 jugum,
629 482 774 565 victeque
787 480 916 545 triremis*

183 583 332 666 Aplustre,
348 597 379 647 et
392 605 510 647 summo
523 586 611 650 tristia
624 585 759 668 captivus
771 585 801 648 in
816 605 898 660 arcu,

182 685 329 752 Humanis
343 689 456 773 majora
470 688 553 752 bonis
567 689 727 752 creduntur
727 711 748 783 Ι,τ
774 687 813 752 ad
826 688 891 750 haeo
906 707 939 750 se

180 789 346 869 Romanus,
362 792 539 875 Graiusque,
555 813 591 855 so
607 792 747 856 barbarus
760 792 950 874 induperator

179 893 307 973 Erexit3
332 917 438 959 causas
453 896 626 959 discriminis
641 908 728 979 atque
742 895 850 960 laboris

178 999 252 1062 lnde
268 999 380 1062 habuit.
424 999 525 1063 Tanto
538 1000 633 1086 major
647 1000 732 1064 famae
748 1001 876 1078 sitisset,
892 997 982 1084 quiam
1093 1003 1153 1062 140

178 1101 310 1169 Virtutis.
355 1102 433 1177 Quis
448 1107 527 1168 enim
541 1105 677 1168 virtutem
692 1106 878 1190 amplectitur
892 1107 997 1189 ipsam,

178 1205 305 1272 Praemia
319 1209 343 1272 si
358 1209 465 1272 tollas?
510 1209 641 1274 Patriam
656 1223 756 1273 tamen
769 1209 866 1274 obruit
879 1210 950 1272 olim

179 1311 280 1374 Gloria
296 1333 470 1396 paucorum,
482 1326 512 1375 et
526 1313 622 1376 laudis
636 1313 768 1394 titulique
783 1313 893 1395 cupido

176 1415 295 1480 Hesuri
310 1417 391 1480 saxia
405 1418 538 1480 cinerum
553 1417 745 1493 custodibus3
768 1415 806 1477 ad
822 1436 886 1498 quae

63 1511 70 1516 ’
176 1518 374 1584 Discutieuda
388 1521 486 1582 valent
499 1521 603 1584 sterilis
616 1520 696 1582 male
709 1520 816 1584 robora
831 1519 905 1584 fieris
916 1543 927 1600 3
1087 1530 1147 1588 145

173 1623 426 1708 Quandoquidem
441 1624 510 1688 data
524 1637 591 1688 sunt
603 1625 674 1708 ipsis
689 1644 806 1708 quoque
821 1623 882 1688 sate
896 1624 1048 1708 sepulcris.

172 1725 324 1811 Expende
340 1727 560 1791 Hannibalem:
582 1742 653 1812 quot
666 1728 754 1792 libras
768 1729 796 1790 in
813 1729 890 1792 duce
905 1750 1023 1796 summo

170 1831 331 1894 Invenies?
352 1833 402 1894 hie
416 1845 471 1908 est,
487 1852 577 1915 quem
591 1853 651 1896 non
665 1833 746 1915 capit
758 1831 863 1896 Africa
871 1831 980 1897 Mauro

170 1933 319 1999 Percussa
333 1933 469 2010 Oceano,
484 1934 616 2018 Niloque
631 1935 751 2000 admota
764 1937 885 2019 tepenti,

169 2037 288 2100 Rursus
302 2038 340 2099 ad
354 2033 529 2120 AEthiopum
542 2040 668 2120 populos
683 2040 815 2120 altosque
823 2037 1012 2121 elephantos.
1081 2046 1144 2104 150

168 2139 297 2202 Additur
310 2140 439 2222 imperiis
455 2139 619 2223 Hispania:
640 2140 820 2223 Pyrenaeum

166 2241 330 2306 Transsilit.
375 2244 523 2328 Opposuit
535 2259 639 2306 natura
652 2244 822 2328 Alpemque
832 2245 1009 2331 niuemquer

165 2345 290 2410 Diducit
305 2348 454 2431 scopulos,
470 2361 500 2411 et
512 2361 645 2412 montem
659 2351 769 2432 rumpit
783 2363 880 2414 aceto.

164 2447 233 2513 Jam
247 2457 329 2514 tenet
342 2450 457 2514 Italiam
471 2471 479 2512 ε
500 2465 599 2514 tamen
614 2451 690 2514 ultra
702 2473 828 2536 pergere
842 2453 957 2516 tendit:

162 2553 285 2628 Actum,
299 2553 401 2636 inquit,
416 2554 484 2617 nihil
500 2568 554 2631 est,
569 2555 624 2618 nisi
638 2554 737 2618 Poeno
751 2556 841 2620 milite
855 2569 956 2639 portas
1076 2561 1137 2622 155

162 2653 350 2736 Frangimus
366 2669 397 2718 et
410 2656 511 2718 rnedid
524 2658 663 2718 vexillum
677 2680 756 2740 pono
772 2659 901 2722 Subori.

163 2757 194 2820 Ο
209 2759 301 2842 qualis
315 2756 418 2835 facies,
434 2771 465 2820 et
480 2759 557 2842 quali
573 2759 661 2842 digna
674 2759 793 2838 tabella,

161 2861 266 2936 Quum
282 2862 399 2926 Gaetula
414 2863 524 2926 ducem
539 2877 669 2946 portaret
683 2863 780 2928 bellna
794 2863 931 2928 luscum!

160 2965 270 3030 Exitus
283 2988 354 3050 ergo
369 2967 434 3050 quis
449 2967 518 3030 est?
541 2990 561 3032 o
574 2970 664 3051 gloria
679 2971 686 3031 !
710 2969 835 3036 vincitur
848 2970 929 3034 idem

158 3071 288 3156 Nempe,
301 3085 332 3136 et
341 3072 370 3134 iu
382 3071 519 3136 exsilium
530 3092 664 3155 preceps
674 3071 756 3154 fugit,
768 3087 856 3155 atque
866 3075 905 3136 ibi
918 3095 1042 3158 magnus
1073 3081 1135 3140 160

156 3175 368 3260 Mirandusque
383 3177 476 3241 cliens
490 3177 575 3240 sedet
590 3177 628 3240 ad
642 3177 777 3261 praetoria
792 3177 880 3268 rep's,

156 3263 265 3342 nolte
280 3279 412 3364 Bithyno
427 3281 515 3344 luen
529 3281 649 3365 vinias
665 3295 799 3364 tyranno.

155 3381 264 3446 Finem
280 3384 394 3461 anime,
409 3405 473 3468 que
487 3407 536 3450 res
550 3385 695 3452 humanas
708 3387 825 3450 miscuit
839 3387 919 3466 olim,

153 3487 224 3553 Non
240 3487 338 3572 gladii,
353 3508 412 3550 non
427 3509 501 3554 saxa
516 3490 638 3569 dabunt,
652 3511 710 3555 nee
724 3490 803 3570 tela,
829 3490 883 3556 sed
897 3490 946 3553 ille
