2532 4008
103 349 145 408 92
409 345 442 394 n.
459 345 552 398 suun
568 347 758 398 Juvnrtrnrs

101 493 257 577 Tempora
271 493 424 572 viderunt,
446 497 500 558 hos
514 497 625 580 lignum
640 497 733 560 stabat
746 497 776 558 in
791 519 871 573 usus,

103 599 255 660 Annosam
272 599 296 659 si
311 597 384 660 sorte
399 621 507 662 nucem
523 601 676 684 dejecerat
690 601 801 666 Eurus.

103 702 236 762 Atnunc
252 701 538 766 divitibuscoenandi
554 701 632 766 nulia
646 706 788 788 voluptas,
1018 719 1079 776 120

104 803 157 868 Nil
171 805 321 882 rhombuS,
335 806 375 868 nil
390 807 480 870 dama
494 808 588 890 sapit:
609 821 714 891 putere
729 811 864 876 videntur

104 907 264 992 Unguenta
279 923 366 992 atque
381 931 469 987 rosae,
485 912 558 974 latos
573 913 627 975 nisi
641 915 764 976 sustinet
777 917 865 980 orbes

106 1012 229 1076 Grande
245 1014 329 1088 ebur,
344 1028 375 1076 ct
389 1035 496 1096 magno
511 1014 641 1079 sublimis
657 1019 764 1100 pardus
779 1020 868 1097 hiatu,

106 1115 254 1179 Dentibus
269 1137 310 1179 ex
324 1118 387 1193 illis,
407 1133 479 1200 quos
495 1120 580 1182 mittit
595 1135 679 1203 porto
695 1121 821 1204 Syenes,
933 1185 934 1188 ,

107 1219 262 1284 &Mauri
276 1221 400 1297 celeres,
415 1235 446 1283 et
460 1221 568 1285 Mauro
582 1225 735 1289 obscurior
749 1227 849 1304 Indus,
995 1241 1080 1298 ,125

109 1323 151 1388 Et
165 1346 239 1409 quos
254 1326 390 1408 deposuit
404 1327 549 1390 Nabataeo
563 1329 661 1392 bellna
678 1332 761 1408 saltu,

107 1427 177 1492 Jam
192 1431 296 1492 nimios
311 1431 457 1513 capitique
472 1430 587 1514 graves.
633 1433 714 1498 Hinc
730 1439 823 1521 surgit·
835 1443 943 1519 orexis,

109 1533 192 1596 Hinc
207 1534 360 1596 stomacho
374 1535 455 1596 bilisz
477 1556 548 1597 nam
563 1559 617 1619 pes
633 1557 789 1620 argenteus
803 1545 867 1622 illis,

109 1638 245 1698 Annnlus
259 1637 289 1697 in
304 1636 392 1718 digito
408 1638 487 1719 quod
502 1638 624 1703 ferreus.
672 1641 755 1728 Ergo
770 1651 928 1732 superbum

111 1739 276 1804 Convivam
290 1762 394 1818 caveo,
409 1743 459 1825 qui
473 1765 523 1806 me
539 1746 770 1832 sihi'comparat,
785 1767 816 1817 et
828 1777 876 1819 res
1024 1764 1084 1821 130

110 1846 248 1929 Despicit
263 1846 409 1928 exiguae
440 1848 530 1912 Adeo
544 1852 621 1914 'nulla
637 1857 724 1918 uncia
738 1859 823 1921 nobis

112 1949 170 2013 Est
183 1951 290 2026 eboris,
305 1972 363 2013 nec
377 1953 515 2030 tessellae,
531 1977 589 2019 neo
603 1960 734 2024 calculus
749 1985 788 2024 ex
804 1965 860 2026 hic

7 2069 9 2074 '
112 2052 259 2116 Materih:
282 2053 350 2136 quin
363 2054 428 2137 ipsa
443 2059 596 2122 manubria
609 2064 794 2128 cultellorum
832 2101 836 2104 ·

111 2157 220 2220 Ossea.
265 2159 335 2220 Non
351 2172 449 2222 tamen
465 2163 510 2224 his
523 2165 581 2224 ulla
598 2186 725 2248 unquam
738 2174 861 2252 opsonia
874 2175 948 2236 fiunt

115 2261 294 2336 Ranciduia',
311 2276 360 2324 aut
375 2263 443 2326 ideo
458 2263 543 2350 pejor
557 2269 662 2348 gallina
677 2286 804 2333 secatur.
1029 2285 1087 2343 135

113 2364 177 2426 Sed
192 2387 249 2427 nec
265 2379 389 2428 structor
404 2369 467 2443 erit,
483 2369 531 2430 cui
546 2371 655 2432 cedere
671 2373 779 2438 debeat
792 2381 887 2442 omnis

113 2467 253 2552 Pergula,
268 2469 427 2552 discipulus
441 2469 590 2554 Trypheri
607 2475 744 2554 doctoris,
760 2482 838 2563 apud
855 2505 943 2566 quem
1075 2567 1079 2575 Δ

115 2572 238 2634 Sumine
253 2593 322 2632 cum
339 2584 446 2652 magno
460 2575 554 2657 lepus,
568 2592 655 2662 atque
670 2603 753 2666 aper,
769 2599 798 2648 et
812 2609 969 2676 pygargus,

114 2673 157 2736 Et
173 2673 319 2757 Scythice
335 2675 479 2754 volucres,
494 2693 525 2742 et
538 2681 778 2770 phoenicopterus
792 2692 904 2776 ingens,

115 2777 157 2844 Et
172 2779 304 2842 Gaetulus
319 2802 405 2864 oryx,
421 2781 520 2848 hebeti
535 2782 788 2859 lautissima'serro
1027 2780 1089 2866 140Ι

115 2881 258 2958 Caeditur,
274 2899 304 2945 et
318 2885 381 2947 teth
395 2887 480 2949 sonat
493 2891 595 2954 ulmea¹
607 2913 694 2956 coena
711 2897 838 2962 Subaris.
1090 2890 1092 2896 ¹

115 2985 186 3048 Nec
201 2985 324 3048 srustum
339 2990 454 3071 caprea
471 2993 648 3074 subducere,
664 3022 720 3063 neo
736 3003 810 3068 latus
827 3006 904 3070 Afrae

114 3089 207 3153 Novit
221 3091 281 3153 avis
296 3093 578 3178 nosterriruneutns,
594 3123 630 3164 ao
644 3106 725 3168 rudis
740 3097 819 3169 omni

114 3193 280 3278 Tempore,
296 3211 326 3259 et
341 3199 466 3282 exiguae
475 3201 557 3266 sartis
571 3205 699 3268 imbutus
713 3207 817 3271 osella.

115 3297 257 3366 Plebeios
271 3302 380 3363 calices
395 3317 425 3364 et
438 3306 541 3384 paucis
555 3307 668 3373 assibus
681 3319 799 3394 emptos
1027 3331 1086 3406 145

115 3400 253 3486 Porriget
266 3404 392 3467 incultus
406 3422 582 3492 puerotque
598 3431 616 3472 a
629 3400 737 3497 frigore
750 3401 830 3484 tutus
843 3445 852 3484 t

118 3505 190 3570 Non
204 3506 319 3588 Phryx,
335 3521 385 3571 aut
396 3509 596 3593 Lycius,'non
610 3525 635 3580 a'
644 3538 789 3606 mangone
804 3528 910 3612 p'etit‘us
930 3556 933 3564 ’
1003 3527 1006 3534 ⁴
