2534 4022
571 357 694 408 SATIRA
709 357 742 406 V·
1107 359 1149 419 27

178 507 375 591 Tempestate
390 505 468 570 meai.
516 505 633 570 Circeis
648 520 715 570 nata
730 505 835 582 sonent,
851 526 887 568 an

182 611 345 676 Lucrinum
361 613 399 675 ad
414 633 532 687 saxum,
547 611 737 694 Rutupinove
753 610 832 674 edita
846 608 939 672 sundo
1094 611 1153 668 140

181 716 302 794 Ostrea,
317 718 443 782 callebat
458 716 553 800 primo
567 715 753 798 deprendere
770 735 890 792 morsu3

182 819 225 884 Et
238 821 333 884 semel
347 821 480 904 adspeeti
495 821 573 882 littus
588 819 706 882 dicebat
722 803 830 882 eoirini.

183 924 328 1009 Surgitur,
343 939 374 988 et
387 925 477 988 misso
491 945 631 1008 proceres
646 924 729 986 exire
739 923 881 1008 jubentur

182 1029 332 1105 Concilio,
347 1051 421 1113 quos
436 1030 582 1098 Albanam
599 1028 661 1090 dux
676 1049 801 1112 magnus
815 1027 844 1089 in
859 1047 960 1090 arcem

182 1133 335 1198 Traxerat
349 1135 483 1198 attonitos
498 1146 528 1196 et
544 1132 680 1196 festinare
695 1147 828 1208 coaetos,
1096 1133 1156 1194 145

182 1237 342 1322 Tanquam
358 1239 397 1302 de
412 1237 509 1301 Cattis
523 1237 631 1320 aliquid
646 1237 794 1320 torvisque
811 1236 985 1320 Sygambris

184 1340 338 1418 Dicturus,
353 1355 494 1424 tanquam
508 1354 539 1404 et
553 1340 675 1404 diversis
689 1341 820 1422 partibus
834 1340 912 1402 orbis

185 1444 286 1507 Anxia
301 1444 441 1528 precipiti
457 1443 584 1505 venisset
598 1442 722 1524 epistola
737 1440 836 1524 pinnis.
982 1525 985 1530 .

226 1548 328 1632 Atque
343 1546 454 1610 utinam
468 1547 513 1608 his
528 1545 624 1629 potitis
638 1545 723 1628 nugis
737 1559 798 1608 tota
813 1545 861 1608 ille
878 1545 1009 1610 dedisset

182 1647 339 1732 Tempora
353 1650 478 1726 sevitie,
492 1650 587 1714 claras
603 1650 709 1733 quibus
724 1649 840 1713 abstulit
850 1648 927 1713 Urbi
1101 1657 1162 1716 1⁵0

185 1753 373 1835 Illustresque
388 1753 500 1818 animas
515 1753 637 1837 impune
652 1766 683 1817 et
696 1753 815 1818 vindice
830 1754 929 1816 nullo!

186 1853 252 1918 Sed
266 1855 361 1939 periit,
376 1870 531 1940 postquam
544 1857 724 1921 cerdonibus
738 1879 804 1920 esse
818 1857 967 1920 timendus

184 1955 341 2045 Coeperat.
387 1957 458 2024 Hoo
472 1961 573 2025 nocuit
586 1959 760 2026 [amiam
773 1962 858 2026 eade
872 1961 1014 2024 madenti.

559 2432 723 2500 SATIRA
743 2435 785 2500 V.

186 2645 225 2706 St
239 2659 268 2706 te
284 2645 423 2728 propositi
437 2645 568 2707 nondum
584 2645 686 2728 pudet,
702 2660 791 2731 atque
806 2648 915 2710 eadem
931 2662 977 2712 est
991 2671 1084 2726 mens,

185 2746 230 2810 Ut
244 2748 322 2811 bona
336 2769 450 2810 summa
467 2762 562 2831 putes,
578 2749 674 2834 aliena
686 2750 786 2811 vivere
801 2752 936 2832 quad1d3

188 2850 222 2913 si
236 2867 320 2934 potes
334 2853 382 2914 illa
397 2852 466 2935 pati,
483 2873 545 2936 quae
560 2874 615 2915 nee
632 2852 807 2917 Sarmentus
822 2856 936 2939 iniquas

187 2952 315 3018 Caesaris
331 2955 369 3018 ad
384 2977 513 3032 mensas,
529 2979 585 3020 nec
600 2958 664 3021 vilis
679 2959 777 3022 Galba
792 2961 925 3024 tulisset:

187 3055 334 3132 Quamvis
342 3059 442 3143 jurato
457 3074 587 3122 metuam
602 3062 653 3124 tibi
668 3063 793 3126 credere
809 3066 886 3126 testi.

186 3159 299 3224 Ventre
314 3163 384 3226 nihil
394 3164 461 3226 novi
476 3161 625 3248 frugalius.
672 3165 742 3229 Hoc
757 3181 855 3230 tamen
871 3169 967 3252 ipsum

187 3263 345 3329 Deseeisse
359 3283 439 3351 puta,
455 3271 533 3352 qnod
550 3270 627 3333 inani
642 3272 749 3336 sufficit
765 3275 850 3336 alvo:

187 3365 278 3430 Nulla
292 3371 414 3453 crepido
429 3371 538 3435 vacat?
561 3395 704 3458 nusquam
720 3399 804 3460 pons,
821 3391 852 3440 et
864 3377 968 3460 tegetis
983 3401 1051 3463 pars

187 3469 323 3533 Dimidia
336 3475 472 3540 brevior?
517 3477 646 3541 Tantine
664 3479 766 3566 injuria
781 3481 901 3544 coenae?

186 3573 268 3638 Tam
276 3575 380 3662 jejuna
395 3577 497 3660 sames,
515 3603 605 3666 quum
621 3585 672 3667 pol
686 3585 722 3648 sit
736 3585 885 3650 honestius
900 3585 958 3650 illic
1122 3599 1161 3656 10
