2534 4022
554 369 675 422 sartan
690 371 735 420 VI.
1091 367 1133 424 47

159 517 295 600 Disponit
310 519 422 582 crinem
436 519 572 584 laceratis
586 521 649 604 ipsa
665 519 777 603 capillis
1072 513 1134 573 375

159 622 251 686 Nuda
265 625 389 686 humero
404 624 518 696 Psecas
532 624 644 702 infelix,
658 625 803 707 nudisque
819 619 965 684 mamillis.

159 725 254 790 Altior
267 727 316 790 hic
333 749 424 811 quare
440 729 617 792 cincinnus?
640 743 743 792 taurea
757 729 839 811 punit

160 828 309 894 Continud
324 831 395 896 flexi
409 833 522 896 crimen
537 825 709 916 facinusque
722 833 832 917 capilli.

160 933 244 1008 Quid
259 936 373 1000 Psecas
388 937 529 1002 admisit?
552 959 691 1021 quaenam
707 953 753 1000 est
766 937 816 1000 hio
831 937 920 1020 culpa
935 935 1049 1020 puelle,

163 1037 196 1104 Si
211 1041 262 1104 tibi
278 1042 423 1126 displicuit
436 1065 525 1107 nasus
539 1043 631 1106 tuus?
675 1043 779 1106 Altera
793 1044 899 1105 laevnm
1073 1039 1136 1099 380

162 1143 318 1221 Extendit,
334 1147 482 1231 pectitque
497 1169 610 1226 comas,
626 1162 656 1212 et
670 1149 759 1212 volvit
773 1148 802 1210 in
816 1149 932 1210 orbem.
959 1225 965 1234 .

162 1243 220 1312 Est
233 1250 264 1316 in
278 1251 401 1314 consilio
415 1266 551 1316 matrona
565 1253 743 1336 admotaque
761 1253 834 1315 lanis

163 1346 300 1416 Emeritir
314 1333 378 1436 duae
393 1371 490 1420 cessat
505 1379 582 1420 acu:
605 1358 749 1420 sententis
762 1358 858 1439 prims

164 1454 263 1540 Hujus
278 1458 353 1536 erit3
376 1461 533 1542 posthanc
549 1473 632 1523 aetate
647 1474 735 1543 atque
748 1471 812 1522 erte
827 1459 956 1520 minores

164 1557 348 1638 Censebam,
364 1575 504 1647 tanquam
519 1564 603 1628 lamae
620 1565 777 1628 discrimen
793 1578 895 1647 agetur
1075 1563 1137 1623 385

164 1666 227 1728 Aut
241 1668 344 1729 anime
359 1691 367 1728 t
389 1681 469 1731 tanta
483 1683 529 1732 est
544 1670 693 1753 quaerendi
706 1691 780 1732 cure
796 1667 921 1732 decoris.

165 1768 227 1832 Tot
241 1771 522 1854 premitcrdinibns,
537 1787 580 1838 tot
594 1775 692 1838 adhuc
706 1775 899 1856 compagibus
915 1773 1006 1835 altum·

166 1873 308 1938 AEdificat
323 1890 421 1958 caput.
467 1879 699 1941 Andromachen
714 1901 730 1942 a
746 1877 840 1941 fronte
855 1877 987 1940 videbis:

155 1975 242 2040 ·Pdst
255 1979 350 2041 minor
365 1993 429 2042 est:
452 1982 558 2043 credas
573 1983 670 2043 eliam.
716 1969 815 2056 Cedo,
831 1981 959 2042 sibreve
974 1982 1055 2063 parvi

168 2080 278 2148 sonita
292 2097 337 2144 est
350 2083 448 2144 lateris
463 2085 599 2166 spatium,
615 2084 790 2166 breviorque
804 2083 918 2146 videtur
1077 2085 1142 2144 390

167 2181 289 2267 Virgine
305 2183 458 2268 Pygmaed,
474 2187 560 2248 nullis
576 2188 675 2272 adjuta
690 2188 864 2262 cotbumis‚·
939 2187 944 2194 '

168 2287 210 2350 Et
227 2289 298 2352 levis
314 2290 414 2352 crecti
428 2293 577 2376 consurgit
591 2294 628 2355 ad
643 2294 743 2356 oscula
757 2292 882 2376 planti?

211 2392 302 2458 Nulla
316 2396 368 2456 viri
383 2417 455 2458 cure
469 2397 593 2473 interea,
608 2419 666 2459 nec
681 2397 790 2460 mentio
805 2399 856 2460 fiet

170 2499 374 2562 Damnorum:
399 2500 468 2562 vlvit
480 2514 619 2584 tanquam
634 2502 729 2564 vicina
743 2503 847 2564 marito
861 2525 870 2580 3

171 2603 241 2666 Hoc
257 2605 319 2666 solo
334 2604 462 2686 propior,
478 2605 558 2687 qood
572 2607 684 2668 amicos
699 2606 830 2690 conjugis
844 2607 907 2669 odit
1078 2609 1143 2668 395

171 2707 213 2770 Et
227 2727 351 2770 servos:
373 2707 469 2790 gravis
483 2722 527 2770 est
542 2707 711 2771 rationibus.
757 2709 844 2770 Ecce
860 2708 980 2772 furentis

171 2809 480 2894 Bellonaemntrisque
496 2811 586 2874 dedm
602 2813 710 2875 chorus
724 2813 818 2889 intrat,
835 2825 865 2876 et
879 2813 982 2896 ingens

173 2917 382 2993 Semivir,—¹

257 3024 350 3084 -cui
365 3043 455 3085 rauca
471 3023 587 3098 cohors,
602 3023 649 3084 cui
660 3037 805 3104 tympana
820 3025 930 3086 cedunt

173 3127 307 3203 Plebein‚
323 3142 354 3190 et
367 3125 501 3210 Phrygis
515 3127 634 3188 vestitur
648 3127 745 3190 bucca
759 3126 842 3188 tiard.
1076 3133 1145 3192 >400

175 3231 298 3294 Grande
314 3247 406 3308 sonat,
423 3233 572 3314 metuique
582 3230 669 3315 jubet
685 3230 868 3314 Septembris
882 3245 913 3294 et
928 3232 1027 3299 Austri
1105 3240 1108 3247 '

174 3335 356 3412 Adventum,
372 3337 425 3399 nisi
440 3357 473 3399 se
488 3351 608 3400 centum
624 3338 787 3400 lustraverit
801 3337 873 3412 ovis,

175 3439 218 3502 Et
232 3441 448 3522 xerampelinas
462 3455 578 3504 veteres
592 3441 745 3504 donaverit
760 3443 823 3524 ipsi,

136 3605 149 3617 ,,
175 3545 228 3622 Ut,
244 3545 385 3628 quidquid
401 3547 486 3609 subiti
500 3559 530 3609 et
545 3547 643 3629 magni
658 3534 833 3610 discriminis
846 3547 941 3622 instat,
