2534 4022
531 359 534 366 «
561 324 686 380 'SM’IRA
702 325 774 379 rx..·
814 358 817 364 ·

538 581 700 644 SATIRA
721 579 780 643 er
875 621 878 628 Α

565 767 754 812 severinus,

172 878 273 940 Soror:
288 875 593 958 velim,'quare=tcties
607 875 688 950 mihi,
703 873 839 951 Nevole,
855 876 944 944 tristis
976 887 979 894 '

170 982 320 1046 Occurras
333 979 428 1042 fronte
443 979 583 1055 obducti,
598 1000 655 1042 ceu
671 978 793 1062 Marsya
806 980 957 1044 victus.—

95 1091 98 1098 '
168 1085 240 1148 Non
255 1098 318 1146 erat
331 1085 389 1146 hdo
404 1083 480 1148 facie
495 1083 687 1146 miserabilior
702 1082 883 1168 Crepereius

168 1187 273 1264 Pollio,
290 1189 338 1270 qui
353 1189 504 1272 triplicem⁴
512 1210 631 1252 usuram
645 1201 917 1272 praestareparatus
926 1225 934 1247 r

170 1291 285 1354 Circuit
300 1305 330 1353 et
344 1291 439 1354 fatuos
453 1313 512 1354 non
526 1293 644 1355 invenit.
689 1292 779 1356 Unde
794 1293 931 1376 repente,
1107 1295 1152 1350 ,5ἵ

168 1395 231 1457 Tot
244 1395 350 1477 rugae?
374 1395 455 1456 certe
470 1396 590 1456 modico
605 1408 760 1458 contectus
775 1396 903 1477 agebas,-

168 1496 301 1560 Vemam
316 1498 456 1580 equitem,
472 1499 595 1560 conviva
605 1499 678 1582 joco
692 1499 847 1562 mordente
855 1496 1000 1572 facetus..
1107 1528 1112 1534 ·

167 1601 211 1665 Et
225 1601 332 1664 salibus
347 1603 514 1666 vehemens.
524 1602 597 1666 intra
612 1603 758 1686 pouroeria
771 1604 858 1666 natis,
876 1653 878 1660 ,

166 1705 277 1770 Omnia
291 1727 370 1768 nunc
385 1705 508 1768 contra:
530 1708 625 1770 vultus
640 1693 745 1790 gravis,
761 1707 881 1770 horrida
894 1707 995 1772 siccae„
1034 1722 1036 1726 ·

167 1809 248 1873 Silva
262 1831 365 1886 comae,
380 1811 476 1874 nullus
485 1808 551 1874 ¹tota
565 1813 640 1874 nitor
654 1812 684 1872 iu
698 1824 777 1886 cute,
794 1813 912 1895 qualern
954 1877 961 1888 ,
1101 1817 1141 1872 10

164 1913 280 1976 Bruttia
294 1916 450 1997 prestabat
463 1915 551 1978 calidi
566 1913 726 1978 tibilascia
738 1916 830 1978 visci:

165 2018 229 2082 Sed
244 2017 398 2082 fruticante
412 2018 473 2098 pilo
487 2019 624 2097 neglecta
639 2031 670 2078 et
683 2018 815 2098 squalida
829 2039 927 2081 crura.

164 2120 249 2193 Quid
263 2119 375 2181 macies
390 2119 458 2201 aegri
473 2120 588 2195 veteris,
606 2139 694 2203 quem
709 2134 843 2204 tempore
853 2124 946 2207 'longo

163 2222 274 2286 Torret
289 2237 392 2306 quarta
406 2223 479 2298 dies,
495 2223 627 2307 olimque
640 2225 803 2292 domestica
816 2225 931 2292 febris?

163 2326 346 2410 Depreudas„
358 2326 446 2389 animi
461 2340 607 2392 tormenta
621 2328 736 2394 latentis
750 2330 780 2394 in
795 2352 878 2414 eegro
1099 2340 1137 2396 15

163 2430 312 2514 Corpore,
326 2431 493 2516 deprendas
510 2445 539 2494 et
553 2432 682 2514 gaudia:
706 2435 794 2498 sumit
808 2447 966 2520 utrumque

162 2533 235 2600 Inde
250 2534 383 2596 habitum
398 2534 499 2598 facies.
517 2587 519 2593 .
545 2534 635 2617 Igitur
646 2535 767 2604 flexisse
782 2538 891 2602 videris

84 2693 89 2702 .
161 2637 360 2718 Propositum,
377 2650 406 2697 et
420 2637 489 2698 vitae
504 2639 722 2704 contrariusire
737 2642 835 2721 priori.

161 2739 275 2822 Nuper.
284 2738 372 2813 euiru,
388 2751 420 2802 ut
433 2752 548 2822 repeto,
563 2737 665 2804 fanum
678 2739 775 2818 Isidis,
786 2757 826 2818 vet
841 2744 1042 2828 Ganymeden

162 2842 262 2917 Pacis,
277 2855 308 2904 et
322 2841 452 2910 advectae
467 2855 584 2910 secreta
597 2844 706 2927 palatia
719 2845 833 2926 Matris,
1093 2858 1138 2916 20

162 2945 205 3010 Et
219 2945 365 3009 Cererem
383 2945 466 3030 (nam
481 2967 613 3030 quouon
630 2963 740 3031 prostat
753 2949 875 3021 foemina.
885 2957 1000 3041 templo
1011 2958 1039 3040 ἓ)

162 3050 268 3114 Notior
281 3049 403 3116 Aufidio
418 3050 553 3114 mochus
568 3052 722 3121 celebrere
737 3043 912 3122 sclebas.·-·
947 3123 949 3130 Α

576 3191 588 3222 ἱ

562 3284 737 3340 uerutus„

161 3380 242 3446 Utile
258 3395 287 3445 et
301 3382 359 3446 hoc
373 3385 474 3454 multia
484 3387 548 3450 vite
560 3408 677 3470 genus:
699 3390 814 3454 etmihi
829 3391 940 3454 nullum
959 3423 961 3430 ·

161 3487 235 3551 Inde
250 3507 348 3572 opere
363 3490 513 3572 pretim,
544 3491 677 3576 Pingues
692 3493 848 3576 aliquando
861 3495 1019 3570 lacernas,
1130 3495 1133 3500 '
