2534 4022
97 409 137 469 68
406 395 754 450 nrunrrsuvanrnrs

95 551 236 637 Ignoscas
251 551 379 634 populo,
396 549 501 633 ‚populi
512 547 591 612 srons
606 548 705 612 durior
719 548 814 634 hujus,

95 655 157 730 Qui
172 654 265 730 sedet,
281 669 310 718 et
324 668 438 738 spectat
452 654 598 724 triscurria
612 639 810 738 patriciorum,
1008 655 1070 742 100

92 759 273 844 Planipedes
288 759 368 822 audit
382 758 503 835 Fabios,
518 760 615 822 ridere
631 761 732 842 potest
744 759 793 842 qui
986 761 989 768 ’

92 865 315 932 Mamercorum
330 865 440 948 alapas.
486 863 599 936 Quanti
613 885 665 926 sua
680 861 785 926 funera
798 862 936 939 vendant,

91 969 175 1044 Quid
190 967 303 1032 resert?
348 969 491 1032 Vendunt
505 969 585 1032 nullo
599 981 725 1048 cogente
741 967 875 1042 Nerone,

90 1075 160 1139 Nec
176 1074 307 1136 dubitant
321 1074 391 1136 celsi
407 1073 537 1156 praetoris
552 1073 682 1135 vendere
697 1072 784 1134 ludis.
855 1117 857 1125 ι

90 1179 187 1263 Finge
202 1173 301 1242 tam'en
317 1178 429 1261 gladios
444 1177 523 1254 inde,
540 1191 627 1260 atque
642 1177 710 1240 hino
725 1176 835 1260 pulpita
850 1196 949 1260 pone:
1004 1179 1063 1238 195

90 1283 174 1358 Quid
190 1281 303 1346 satius?
349 1281 479 1346 Mortem
495 1283 536 1346 sic
550 1282 706 1366 ¹quisquam
722 1281 882 1358 exhorruit,
899 1294 929 1344 ut
943 1281 979 1345 sit

89 1387 254 1472 Zelotypus
268 1387 444 1471 Thymeles,
460 1388 567 1471 stupidi
582 1387 696 1470 collega
711 1385 869 1448 Corinthi?
953 1437 956 1445 .

88 1493 154 1556 Res
168 1494 248 1556 haud
264 1494 337 1556 mira
352 1505 461 1566 tamen,
477 1493 641 1554 citharaedo
657 1492 798 1574 principe,
813 1493 921 1556 mimus

87 1598 213 1662 Nobilis.
259 1597 335 1659 Haec
351 1597 434 1671 ultra,
451 1595 521 1678 quid
537 1595 591 1662 crit
604 1595 658 1656 nisi
673 1593 784 1658 ludus?
829 1595 871 1660 Et
885 1597 956 1660 illud

87 1703 233 1768 Dedecus
247 1701 337 1766 Urbis
351 1701 460 1764 habes:
485 1721 542 1762 nec
557 1701 736 1770 mirmillonis
751 1701 779 1763 in
795 1702 893 1779 armis,
997 1707 1061 1764 200

87 1809 156 1874 Nec
172 1811 277 1891 clypeo
293 1806 466 1872 Gracchum
482 1818 672 1890 pugnantem,
688 1820 737 1870 aut
752 1803 827 1870 lalce
843 1805 967 1890 supinis,

87 1910 234 1996 (Damnat
249 1909 327 1972 enim
341 1910 414 1974 tales
429 1909 566 1988 habitus3
588 1907 642 1972 sed
658 1907 787 1985 damnat,
804 1922 833 1972 et
847 1907 923 1991 odit)

84 2017 155 2082 Nec
170 2015 255 2099 galei
270 2014 394 2080 frontem
410 2012 584 2078 abscondit:
606 2028 706 2078 movet
722 2035 797 2077 ecce
812 2013 981 2088 tridentem,

84 2121 249 2204 Postquam
263 2119 367 2182 libratis
380 2118 538 2200 pendentia
552 2119 625 2180 retia
641 2118 747 2179 dextri

84 2225 296 2308 Nequidquam
312 2223 423 2296 effudit,
439 2222 552 2283 nudum
567 2221 604 2282 ad
620 2220 791 2302 spectacula
805 2221 916 2283 vultum
994 2225 1057 2282 205

84 2329 190 2412 Erigit,
206 2341 235 2391 et
249 2326 310 2390 tota
324 2324 396 2407 sugit
410 2323 615 2406 agnoscendus
631 2323 731 2386 arenb.

83 2435 253 2499 Credamus
267 2431 382 2506 tunicae,
398 2428 436 2491 de
452 2427 585 2492 saucibus
600 2448 691 2490 aurea
706 2448 796 2510 quum
811 2449 843 2489 se

82 2539 228 2621 Porrigat,
244 2549 274 2598 et
287 2536 374 2616 longo
384 2534 513 2618 jactetur
527 2533 605 2614 spira
620 2532 729 2614 galero.

81 2644 166 2726 Ergo
180 2640 368 2725 ignominiam
384 2637 546 2722 graviorem
561 2638 772 2722 pertulit'omni

79 2749 223 2824 Vulnere,
238 2765 308 2810 curn
324 2743 464 2809 Graccho
473 2743 573 2828 jussus
587 2765 718 2828 pugnare
734 2758 882 2827 sequutor.
993 2747 1056 2805 210

124 2853 236 2916 Libera
250 2851 274 2913 si
289 2851 394 2911 dentur
410 2849 519 2930 populo
534 2849 680 2929 suffragia,
697 2848 761 2928 quis
775 2860 837 2908 tam

79 2957 230 3031 Perditus,
247 2967 278 3016 ut
293 2952 404 3018 dubitet
419 2949 568 3012 Senecam
583 2947 721 3034 praeferre
737 2949 872 3028 Neroni3

78 3061 175 3146 Crijus
190 3056 337 3142 supplicio.
349 3077 407 3118 non
424 3055 525 3117 debuit
539 3075 597 3117 una
612 3054 708 3138 parari

79 3166 183 3240 Simia,
198 3185 255 3225 nec
271 3182 392 3244 serpens
407 3181 491 3236 unus,
506 3181 564 3222 nec
579 3160 682 3222 culeus
697 3157 795 3220 unus?

77 3271 138 3336 Par
153 3263 416 3350 Agamemnonidae
432 3263 566 3338 crimen;
588 3261 642 3323 sed
657 3281 747 3324 eausa
762 3259 833 3342 iacit
845 3280 910 3324 rein
987 3265 1051 3324 215

75 3373 271 3442 Dissimilem.
317 3364 439 3449 Quippe
454 3364 513 3442 ille,
529 3363 593 3428 deis
609 3365 786 3442 auctoribus,
804 3365 899 3429 ultor-i

76 3480 174 3546 Patris
189 3487 252 3540 erat
262 3472 331 3537 caesi
344 3471 444 3536 media
457 3471 532 3534 inter
545 3469 673 3554 pocula3
695 3471 822 3536 sed-nec

76 3584 205 3655 Electra
216 3579 320 3665 jugulo
334 3599 366 3646 se
381 3576 492 3663 polluit,
508 3590 561 3640 aut
574 3575 710 3665 Spartani
734 3629 737 3636 ,
777 3627 779 3632 .
