2532 4008
110 365 150 423 73
418 357 767 410 nonsummum

107 509 245 592 Agminis
258 507 366 584 officia,
381 521 411 571 et
424 509 525 572 niveos
540 509 578 572 ad
593 507 683 572 fraena
697 507 841 583 Quirites,
1042 505 1084 563 45

107 612 236 676 Desossa
250 613 279 675 in
293 613 405 688 loculis,
422 632 496 696 quos
510 613 639 696 sportula
654 611 724 675 feeit
738 612 860 674 amieos.

109 715 198 778 Tunc
214 738 331 801 quoque
346 717 499 780 materiam
515 717 589 781 risirs
603 717 711 780 invenit
726 717 764 779 ad
778 735 883 777 omnes

107 819 260 884 Occursus
274 822 436 898 hominurn,
452 821 536 906 eujus
550 821 705 906 prudentia
719 831 870 895 monstrat,

108 925 249 989 Summos
264 948 351 1010 posse
366 927 453 1003 viros,
463 941 494 989 et
509 947 616 1010 magna
631 926 771 1007 exempla
785 923 919 1000 daturos,

106 1027 275 1094 Verveoum
291 1029 319 1092 in
335 1031 428 1114 patriti
441 1051 601 1114 crassoque
617 1031 671 1092 sub
687 1031 755 1091 a'e're
771 1028 862 1090 nasci.
1039 1031 1081 1088 to

107 1133 239 1197 Ridebat
253 1157 349 1210 ouras,
358 1147 422 1197 'neo
435 1152 494 1196 nou
510 1148 540 1196 et
553 1135 661 1217 gaudia
675 1133 763 1215 vulgi,

105 1229 257 1301 Interdum
273 1251 303 1301 et
316 1239 474 1322 lacrymas,
490 1260 581 1322 quum
597 1237 734 1301 Fortunae
749 1237 812 1320 ipse
827 1235 936 1300 minaci

105 1340 263 1406 Mandaret
277 1343 425 1428 laqueum,
442 1343 633 1426 mediumque
648 1341 819 1406 ostenderet
832 1361 974 1423 unguem.

104 1445 188 1530 Ergo
203 1469 386 1531 supervacua
400 1449 464 1512 heo
480 1463 530 1512 aut
543 1448 709 1532 perniciosa
723 1458 871 1529 petuntur,

103 1549 231 1634 Propter
246 1574 310 1635 quae
326 1553 369 1616 sas
385 1565 429 1614 est
443 1573 540 1634 genua
555 1553 688 1614 incerare
704 1552 839 1613 deorum.
1035 1552 1075 1608 55

147 1653 303 1726 Quosdam
319 1657 479 1738 precipitat
493 1655 626 1740 subjecta
640 1654 771 1738 potentia
785 1675 899 1738 magne

102 1757 223 1821 Invidiae
237 1781 246 1838 3
268 1761 373 1842 mergit
387 1761 476 1842 longa
491 1774 579 1844 atque
595 1760 714 1843 insignis
729 1759 877 1822 honorum

102 1859 237 1944 Pagina;
260 1864 443 1927 descendunt
458 1878 568 1942 stature,
586 1879 755 1948 restemque
770 1875 940 1948 sequuntur.

101 1965 185 2048 Ipsus
200 1967 307 2030 deinde
322 1982 400 2032 rotas
414 1970 549 2052 bigarum
563 1971 693 2054 impacta
707 1969 819 2032 securis

101 2069 214 2148 Caedit,
230 2087 260 2135 et
273 2074 424 2158 immeritis
438 2074 608 2159 franguntur
623 2095 709 2138 crura
724 2073 855 2136 caballis.
1033 2072 1076 2131 60

51 2199 58 2205 “
99 2174 168 2238 Jarn
184 2177 306 2240 stridunt
321 2179 412 2260 ignes,
425 2179 488 2263 jam
505 2179 619 2246 sollib'us
634 2191 721 2260 atque
737 2176 860 2238 caminis

98 2281 195 2344 Ardet
210 2282 363 2345 adoratum
379 2285 488 2366 populo
503 2295 601 2364 caput,
617 2293 647 2342 et
661 2291 764 2361 erepat
777 2278 880 2358 ingens

100 2382 249 2469 Sejanus:
272 2387 379 2450 deiude
394 2407 434 2448 ex
449 2385 525 2448 facie
540 2397 601 2447 toto
615 2383 687 2444 orbe
702 2379 836 2445 secundi

98 2487 189 2552 Fiunt
204 2491 324 2566 urceoli,
337 2491 447 2572 pelves,
463 2501 589 2570 sartago,
605 2487 729 2570 patella.

96 2591 183 2654 Pone
199 2593 280 2655 dorni
294 2594 401 2666 lauros,
417 2592 475 2654 duo
490 2593 519 2654 in
534 2585 682 2675 Capitolia
695 2611 836 2675 magnum
1016 2595 1072 2653 -65

97 2695 313 2780 Cretatumque
327 2696 435 2760 bovem
449 2719 456 2758 :
480 2695 606 2781 Sejanus
621 2697 737 2760 ducitur
751 2717 830 2760 unco
978 2701 983 2708 '

98 2799 307 2884 Spectandus:
329 2801 459 2884 gaudent
473 2823 588 2865 omnes.
633 2803 714 2874 Quae
730 2791 835 2864 labra?
858 2801 923 2881 quis
936 2799 976 2861 illi

98 2901 204 2966 Vultus
219 2904 306 2966 erat?
329 2924 490 2985 nunquam,
506 2905 529 2964 si
545 2904 615 2985 quid
630 2905 701 2964 mihi
715 2903 822 2978 eredis,
839 2902 935 2965 amavi

99 3007 190 3074 Hunc
205 3007 377 3069 hominem:
400 3006 452 3069 sed
469 3025 528 3090 quo
543 3006 652 3070 cecidit
667 3007 720 3070 sub
735 3005 882 3070 erimine?
906 3007 1039 3089 quisnam

98 3111 248 3176 Delator?
272 3112 376 3196 quibus
390 3111 530 3176 indiciis?
554 3131 612 3196 quo
626 3123 701 3174 teste
716 3107 874 3192 probavit?
939 3193 943 3198 Ι
1030 3115 1072 3172 70

99 3219 150 3282 Nn
165 3220 291 3280 horum:
314 3220 439 3282 verbosa
454 3231 485 3280 et
498 3216 616 3298 grandis
630 3213 752 3312 epistola
765 3211 845 3274 venit
922 3243 924 3248 .

97 3323 128 3385 A
142 3321 279 3406 Capreis.
323 3321 412 3383 Beue
427 3319 538 3396 habet3
559 3317 599 3379 nil
614 3317 679 3400 plus
693 3315 850 3400 interrogo.
896 3315 960 3380 Sed
975 3317 1045 3402 quid

109 3430 202 3494 “uba
216 3423 331 3490 Remi?
355 3422 495 3506 Sequitur
509 3419 683 3498 Fortunam,
698 3411 730 3484 ut
745 3425 873 3506 semper,
888 3436 919 3488 et
933 3420 995 3488 odit
1076 3455 1079 3462 ·

173 3547 274 3600 rnatos.
318 3531 405 3596 Idem
419 3529 554 3614 populus,
570 3527 593 3592 si
608 3526 719 3592 Nursia
731 3523 837 3594 Tusoo
