2532 4008
116 331 176 392 116
421 323 454 371 D.
470 319 565 374 JUNII
580 320 773 372 JUVENALIS

115 473 186 538 Hoc
201 485 360 536 monstrant
375 471 477 544 vetule
494 470 592 552 pueris
607 457 777 552 repentibus
791 469 867 534 assae
882 493 890 531 ε

114 577 185 641 Ηοο
200 578 315 640 discunt
329 597 433 638 omnes
448 588 514 638 ante
530 575 618 658 alpha
633 576 745 646 etbeta
759 576 874 658 puelloe.
928 594 931 600 ·

114 681 237 746 Talibus
253 682 405 744 instantem
422 678 537 750 monitis
552 699 760 762 quemcunque
776 693 930 762 parentem
1026 684 1091 744 210

115 787 168 850 Sic
183 807 302 870 possem
318 784 420 848 affari:
442 783 513 860 Dic,
528 804 547 846 0
562 783 730 858 vanissime,
743 785 810 868 quis
824 798 854 848 te

115 890 269 960 Festinata
279 887 388 975 jubet?
412 888 566 950 meliorem
581 900 687 970 presto
702 889 841 972 magistro

115 997 325 1081 Discipulum:
348 1015 470 1058 securus
485 993 550 1056 abi:
574 993 709 1069 vinceris,
725 1007 757 1056 ut
772 993 851 1077 Ajax

114 1102 259 1165 Preteriit
272 1100 482 1172 Telamonem,
497 1110 529 1158 ut
543 1095 639 1160 Pelea
649 1099 718 1160 vicit
732 1099 874 1162 Achilles.

114 1205 304 1270 Parcendum
320 1201 447 1266 teneris:
471 1201 602 1263 noudum
618 1201 779 1284 implevere
795 1204 940 1268 medullas
1024 1209 1088 1268 215

114 1311 238 1374 Maturae
255 1309 333 1370 mala
347 1307 493 1390 nequitiae.
538 1305 643 1380 Quum
658 1322 778 1390 pectere
794 1309 917 1377 barbam

115 1415 260 1498 Coeperit,
276 1427 306 1476 et
319 1411 397 1494 longi
412 1431 585 1474 mucronem
602 1411 755 1475 admittere
771 1414 867 1490 cultri,

113 1518 219 1582 Falsus
234 1517 289 1580 erit
302 1516 391 1590 testie,
407 1515 517 1576 vendet
531 1515 658 1596 perjuria
672 1515 790 1578 summai

114 1621 245 1704 Exigue,
261 1619 383 1682 Cereris
397 1632 519 1699 tangens
534 1639 675 1704 aramque
691 1621 872 1705 pedemque.

113 1727 231 1792 Elatam
242 1725 306 1808 jam
322 1722 413 1784 crede
428 1743 545 1798 nurum,
561 1723 584 1785 si
599 1723 696 1786 limina
712 1739 809 1788 vestra
1023 1734 1090 1794 220

113 1829 268 1895 Mortifera
281 1846 350 1890 cum
367 1813 436 1891 dote
451 1826 537 1889 subit.
583 1826 701 1900 Quibus
715 1830 763 1892 illa
777 1846 927 1914 premetur

112 1935 174 2000 Per
189 1955 325 1998 somnum
340 1932 454 2015 digitis!
478 1952 547 1994 nam
563 1953 626 2015 qua
642 1934 777 2018 terrisque
794 1937 926 2020 marique

113 2039 305 2126 Aequirenda
319 2052 413 2121 putas,
430 2037 544 2101 brevior
559 2037 605 2100 via
620 2038 755 2102 conferet
768 2040 807 2102 illi
823 2063 830 2101 :
895 2115 898 2124 ,

113 2147 221 2209 Nullus
236 2145 315 2206 enim
330 2141 428 2223 magni
443 2143 564 2204 sceleris
578 2143 669 2204 labor.
716 2143 792 2206 Haec
807 2165 865 2226 ego
880 2167 1029 2228 nunquam

110 2247 264 2321 Mandavi‚
281 2245 363 2306 dices
377 2243 457 2318 olim,
473 2264 529 2306 nee
544 2243 611 2304 talia
626 2246 714 2310 suasi.
1023 2255 1088 2314 225

112 2351 221 2413 Mentis
236 2367 326 2409 causa
341 2345 424 2408 malae
440 2358 538 2406 tamen
554 2358 653 2435 est‚·et
666 2347 747 2430 origo
765 2369 858 2430 penes
872 2365 912 2413 te.

112 2455 192 2518 Nam
210 2451 339 2536 quisquis
354 2449 452 2532 magni
466 2448 574 2512 caustis
588 2452 728 2534 praecepit
743 2473 886 2532 amorem,

112 2557 154 2619 Et
167 2558 241 2618 laevo
255 2555 366 2616 monitu
382 2574 488 2635 pueros
502 2555 638 2635 producit
652 2577 763 2632 avarae,

112 2661 155 2724 Et
169 2661 217 2745 qui
232 2681 286 2743 per
300 2656 419 2720 fraudes
433 2657 606 2741 patrimonia
619 2661 830 2744 conduplicare

113 2765 177 2832 Dat
189 2765 364 2840 libertatem,
379 2777 410 2826 et
423 2777 498 2826 totas
513 2764 635 2826 effundit
650 2766 781 2828 habenas
1023 2775 1089 2834 230

112 2867 287 2930 Curriculo:
310 2887 397 2946 quem
413 2867 436 2924 si
452 2887 584 2938 revoces,
597 2867 753 2928 subsistere
769 2871 871 2943 nescit,

113 2971 156 3033 Et
170 2984 198 3031 te
214 2981 384 3049 contempto
399 2966 507 3048 rapitur
523 2967 667 3050 metisque
683 2970 800 3036 relictis.

113 3075 146 3138 N
147 3094 215 3136 emo
230 3070 298 3135 satis
312 3070 407 3134 credit
420 3069 533 3134 tantdm
548 3072 730 3156 delinquere,
746 3080 886 3160 quantdm

113 3177 291 3241 Permittas:
314 3175 391 3238 adcb
405 3175 556 3256 indulgent
571 3178 624 3240 sibi
639 3180 724 3242 latius
738 3182 803 3263 ipsi.

112 3281 216 3354 Quum
232 3280 305 3342 dicis
314 3279 427 3362 juveni,
443 3279 571 3354 stultum,
589 3279 638 3362 qui
654 3282 863 3364 donet'amico,
1022 3299 1086 3359 235

112 3387 175 3460 Qui
191 3381 394 3468 paupertatem
408 3382 486 3446 levet
500 3384 669 3468 attollatque
684 3391 839 3476 propinqui
851 3417 862 3472 3

113 3489 155 3551 Et
169 3489 294 3572 spoliare
310 3487 412 3562 doces,
427 3499 457 3550 et
470 3489 724 3572 circumscribere,
740 3510 770 3561 et
783 3499 863 3562 omni
