2534 4022
570 347 691 396 SATIRA
706 348 752 394 vt.

171 495 324 557 Ardebant
339 508 455 570 cuncta,
471 509 501 558 et
516 493 609 558 lractd
622 517 767 578 compage
783 494 915 566 ruebant,

172 599 242 661 Non
259 599 349 674 aliter,
366 599 454 681 quitur
471 601 493 661 si
509 598 628 662 fecisset
641 599 720 662 luno
736 601 873 661 maritum

169 703 317 766 Insanum.
364 703 463 766 Minds
479 725 550 786 ergo
565 726 676 766 nocens
691 705 745 766 erit
759 704 926 787 Agrippinae

169 807 311 870 Boletus:
335 809 481 891 siquidem
496 809 580 870 unius
596 809 757 891 praecordia
773 809 877 892 pressit

168 912 221 973 Ille
237 914 323 988 senis,
339 913 556 995 tremulumque
572 927 662 994 caput
677 913 862 974 descendere
873 911 961 995 jussit

168 1014 201 1077 In
217 1012 337 1092 coslum,
354 1031 383 1078 et
397 1018 513 1100 longam
530 1018 676 1092 menantia
691 1018 772 1080 labra
786 1017 915 1078 salivam.

168 1119 244 1182 Haec
259 1121 353 1204 poscit
368 1120 476 1184 serrum
494 1135 580 1205 atque
596 1123 688 1204 ignee,
704 1122 768 1200 lraec
783 1121 862 1204 potio
877 1133 1011 1202 torquet:

168 1223 249 1287 Haec
264 1227 373 1287 lacerat
389 1227 496 1288 mixtos
511 1227 641 1308 equitum
658 1249 728 1288 cum
744 1227 885 1308 sanguine
900 1238 1009 1308 patres.

167 1327 257 1390 Tanti
273 1343 372 1410 partus
388 1331 489 1410 equae!
515 1331 684 1411 quantinus
698 1331 833 1392 venefica
847 1327 985 1390 constat?

211 1430 348 1493 Oderunt
362 1445 445 1494 natos
460 1433 498 1494 de
513 1433 638 1514 pellice3
660 1453 750 1494 nemo
765 1445 919 1516 repugnet,

167 1535 269 1598 Nemo
283 1549 362 1598 vetet
376 1559 384 1596 :
400 1536 538 1620 jamjam
554 1537 718 1619 priuignum
732 1537 872 1600 occidere
887 1535 931 1599 sus
946 1550 1000 1599 est.

166 1638 229 1701 Vos
244 1661 310 1722 ego,
326 1641 437 1724 pupilli,
453 1663 571 1716 moneo,
587 1643 692 1724 quibus
708 1642 831 1725 amplior
846 1655 890 1706 est
905 1663 962 1718 res,

164 1743 321 1807 Custodite
331 1745 458 1821 animas,
474 1759 506 1808 et
519 1747 588 1807 nulli
605 1747 717 1809 credite
733 1769 854 1810 mensae.

164 1843 271 1924 Livido
286 1859 419 1908 materno
430 1845 545 1908 servent
559 1848 676 1929 adipata
691 1869 817 1910 veneno·

163 1946 302 2010 Mordeat
318 1949 384 2011 ante
401 1950 513 2032 aliquis,
530 1951 672 2032 quidquid
687 1953 851 2033 porrexerit
865 1953 925 2027 illa,
1003 1945 1011 1952 ⁵

160 2050 239 2123 Quae
255 2053 388 2134 peperit:
412 2052 530 2114 tImidus
544 2067 702 2136 praegustet
716 2055 823 2136 pocula
837 2076 961 2138 pappos,

161 2152 316 2236 Fingimus
331 2156 404 2231 haec,
421 2157 510 2218 altum
525 2155 622 2218 Satird
637 2171 771 2220 sumente
786 2159 972 2236 cothurnum,

162 2254 305 2338 Scilicet3
328 2273 367 2335 et,
383 2261 473 2322 finem
488 2261 597 2344 egressi
612 2262 769 2344 legemque
784 2264 925 2345 priorum,

161 2361 284 2424 Grande
301 2362 471 2446 Sophocleo
486 2387 607 2428 carmen
622 2366 803 2428 bacchamur
817 2367 908 2443 hiatu,

159 2463 310 2528 Montibus
324 2468 454 2550 ignotum
466 2468 585 2530 Rutulis
600 2471 737 2552 coeloque
753 2469 871 2533 Latino.

156 2568 223 2633 Nos
238 2571 349 2632 utinam
364 2572 430 2634 vani
444 2573 451 2635 l
475 2574 528 2635 sed
543 2573 651 2637 clamat
665 2573 781 2650 Pontia,
798 2573 884 2651 Feci,
1065 2582 1128 2641 515

158 2670 322 2748 Confiteor,
337 2674 494 2756 puerisque
509 2677 583 2738 meis
599 2679 713 2740 aconita
728 2681 838 2760 paravi,

156 2773 234 2848 Quae
250 2777 396 2860 deprensa
413 2792 530 2862 patent:
554 2778 667 2842 lacinus
683 2794 781 2844 tamen
797 2783 860 2867 ipsa
874 2786 986 2868 peregi.

155 2878 245 2941 Tune
261 2880 335 2943 dnos
350 2881 418 2958 und,
434 2882 592 2946 saevissirna
607 2885 716 2967 vipera,
732 2886 845 2949 coend?

154 2981 245 3044 Tune
261 2983 360 3047 duos?
407 2985 541 3070 Septem,
557 2989 580 3050 si
595 3004 708 3071 septem
725 2990 798 3055 sorte
815 2992 946 3058 fuissent.

154 3085 325 3152 Credamus
340 3089 466 3173 tragicis,
482 3091 624 3174 quidquid
640 3095 678 3154 de
694 3093 841 3158 Colchide
856 3099 940 3162 torvd
1064 3108 1126 3166 520

153 3190 269 3254 Dicitur
285 3207 314 3255 et
329 3193 467 3257 Procne:
489 3195 528 3257 nil
543 3197 645 3259 coutrai
658 3220 759 3275 conor,
775 3214 805 3263 et
819 3201 873 3265 illae

153 3293 285 3358 Grandia
300 3313 426 3362 monstra
441 3300 501 3364 suis
516 3302 663 3366 audebant
678 3307 878 3389 temporibus;
899 3310 953 3372 sed

151 3397 222 3474 Non
237 3414 355 3482 propter
369 3425 516 3469 nummos.
560 3406 660 3470 Minor
675 3410 827 3474 admiratio
842 3415 965 3476 summis

152 3499 288 3568 Debetur
303 3509 449 3585 monstris,
466 3512 580 3593 quoties
595 3510 665 3576 lacit
678 3513 721 3576 ira
735 3528 894 3582 nocentem
