2534 4022
574 355 695 406 sn'rma
711 354 757 404 1x.
1109 353 1150 410 73
1251 351 1252 358 “

173 503 355 590 'conjugium
369 505 399 567 in
413 502 510 567 multis
526 502 663 568 domibus
678 503 802 567 servavit
818 501 953 566 adulter!
1107 499 1146 558 5⁵
1252 491 1253 558 i

175 607 247 684 Qud
261 623 290 672 te
305 607 514 691 circumagas?
538 626 601 690 quae
617 608 712 691 prima
728 620 778 670 aut
791 607 893 669 ultima
908 603 1025 689 ponas?
1252 593 1253 614 ³

173 711 297 777 Nullum
313 735 386 796 ergo
401 712 536 774 meritum
552 724 606 787 est,
622 712 733 794 ingrate
749 731 784 773 ac
799 709 923 794 perfide,
938 709 1060 784 nullum,

174 815 267 890 Quod
282 817 332 879 tibi
346 817 452 879 filiolus
466 815 514 878 vel
529 815 588 876 filia
603 815 731 878 nascitur
746 837 785 878 ex
800 814 875 877 me?

172 917 268 982 Tollis
283 921 372 996 enim,
389 933 419 981 et
432 919 510 982 libris
525 933 657 981 actorum
672 941 811 1002 spargere
826 918 939 1001 gaudes

171 1023 355 1106 Argumenta
369 1022 433 1084 viri.
479 1020 607 1085 Furibus
622 1023 769 1103 suspende
785 1043 920 1096 coronas,
1106 1023 1147 1082 60
1254 1071 1255 1076 ,

170 1125 240 1190 Jam
255 1139 338 1210 parer
352 1147 406 1189 es:
429 1126 576 1204 dedimus,
592 1127 671 1209 quod
686 1124 771 1188 samae
786 1147 938 1210 opponere
952 1126 1067 1209 possis:

170 1228 245 1292 Jura
258 1231 387 1314 parentis
400 1231 503 1304 habes,
518 1243 639 1312 propter
653 1251 702 1292 me
718 1231 854 1292 scriberis
869 1231 974 1305 heres,

171 1331 321 1414 Legatum
332 1352 422 1394 omne
436 1333 527 1414 capiS,
542 1353 672 1394 necnon
688 1345 718 1394 et
732 1333 820 1394 dulce
835 1333 994 1394 caducum.

171 1423 342 1498 Commoda
356 1446 500 1518 praterea
509 1433 669 1517 jungentur
683 1434 775 1496 multa
790 1434 921 1509 caducis,

171 1537 204 1600 si
219 1559 386 1614 numerum,
402 1538 426 1601 si
440 1551 499 1600 tres
513 1537 684 1619 implevero.

561 1727 748 1770 ruvnuanrs.

725 1812 810 1877 Justa
826 1815 944 1891 doloris,
1101 1821 1140 1880 ⁶5

168 1915 303 1992 Nerola,
318 1937 409 1980 causa
422 1915 474 1978 tui.
519 1913 639 1978 Contra.
648 1931 748 1980 tamen
762 1919 810 1981 ille
826 1919 897 2002 quid
912 1919 1019 1984 effert?

576 2103 736 2145 NAEVOLUS.

167 2206 308 2290 Negligit,
323 2219 411 2290 atque
426 2206 516 2272 alium
532 2205 674 2291 bipedem
689 2208 743 2272 sibi
759 2211 861 2295 quaerit
876 2211 1009 2279 asellum.

210 2309 292 2373 Haec
306 2310 359 2373 soli
374 2311 532 2376 commissa
546 2313 596 2374 tibi
612 2313 710 2378 celare
725 2329 886 2393 memento,

166 2413 209 2478 Et
221 2429 327 2478 tacltus
336 2421 454 2478 'nostras
468 2416 543 2478 intra
557 2413 586 2479 te
602 2419 660 2499 fige
677 2421 813 2500 querelas
830 2444 838 2481 r

164 2519 246 2582 Nam
261 2540 310 2582 res
324 2518 473 2582 mortifera
489 2533 533 2583 est
547 2521 681 2590 inimicus
696 2523 815 2605 pumice
830 2524 912 2588 levis.
1098 2533 1138 2589 70

164 2623 227 2695 Qui
242 2621 333 2684 modd
348 2636 497 2684 secretum
511 2625 710 2701 commiserat,
726 2627 810 2688 ardet
825 2643 855 2690 et
868 2631 940 2706 odit,

163 2725 322 2809 Tanquam
338 2724 530 2808 prodiderim,
545 2727 686 2808 quidquid
703 2729 775 2792 scio.
822 2730 948 2794 Sumere
964 2734 1084 2809 serrum,

164 2827 257 2893 Fuste
273 2828 387 2912 aperire
399 2842 498 2911 caput,
514 2830 671 2892 candelam
687 2853 837 2915 apponere
853 2835 953 2912 valvis,

163 2933 235 2998 Nou
250 2933 370 2996 dubitat.
415 2933 484 2995 Nec
500 2947 671 2998 contemnas
686 2950 736 3000 aut
751 2937 906 3022 despicias,
922 2942 1001 3024 qudd

163 3036 221 3100 His
234 3037 339 3121 opibus
352 3058 504 3120 nunquam
519 3059 589 3099 cara
604 3051 649 3100 est
664 3061 781 3102 annona
793 3045 909 3106 veneni.
1095 3057 1134 3112 75

163 3139 247 3224 Ergo
261 3142 377 3206 occulta
391 3155 484 3226 teges,
499 3156 531 3204 ut
545 3142 628 3206 curia
642 3141 746 3206 Martis
761 3145 896 3218 Athenis.

551 3333 739 3375 auvauunrs.

161 3413 192 3477 Ο
207 3410 361 3497 Corydon,
376 3413 530 3500 Corydon,
546 3431 693 3480 secretum
709 3417 804 3481 divitis
819 3419 908 3483 ulium

160 3515 238 3584 Esse
253 3518 364 3603 putas?
387 3522 462 3583 servi
478 3535 660 3667 utqtaceant3
677 3521 814 3607 jumenta
829 3524 994 3607 loquentur,
1094 3539 1104 3549 ·
