2532 4008
116 299 176 358 126
438 297 787 384 nauunmynnmm

112 443 168 504 Vel
186 442 244 525 qud
259 465 317 506 non
332 443 456 527 sugeret,
472 446 495 507 si
511 468 589 510 nuno
604 447 667 526 haec
683 457 812 528 monstra
827 443 940 514 videret

110 547 304 630 Pythagoram,
320 549 433 610 cunctis
449 550 620 611 animalibus
636 549 770 610 abstinuit
785 531 840 631 qui
940 536 942 547 ¹

109 651 267 736 Tanquam
282 654 411 730 homine,
427 667 456 716 et
470 655 563 716 ventri
578 633 696 715 iridulsit
707 637 768 716 'non
782 673 871 716 omne
886 653 1049 748 legumen?

454 1289 616 1388 sarran
639 1288 726 1378 xvi.

100 1498 184 1570 Qnrs
200 1513 354 1562 numerare
371 1515 459 1582 queat
473 1500 566 1562 felicis
580 1501 715 1582 praemia,
732 1500 832 1580 Galle,

97 1602 239 1663 Militiae?
284 1604 316 1665 N
318 1605 404 1665 amsi
419 1605 579 1666 subeuntur
594 1626 736 1687 prospera
751 1619 857 1682 castra,

96 1706 150 1768 Me
166 1707 305 1789 pavidum
322 1708 450 1790 excipiat
464 1709 588 1770 tironem
604 1723 686 1790 porta
702 1709 839 1772 secundo

97 1811 225 1873 Sidere:
251 1814 316 1894 plus
332 1813 439 1875 etenim
456 1812 506 1885 sati
521 1813 598 1874 valet
613 1814 684 1875 hora
700 1813 828 1896 benigni,

94 1911 195 1984 Quam
213 1915 235 1976 si
251 1937 304 1976 uos
318 1913 445 1976 Veneris
460 1897 651 1977 commendet
667 1915 790 1998 epistola
805 1913 905 1993 Marti,
1051 1921 1070 1975 5

93 2017 134 2080 Et
151 2018 252 2080 Samia
267 2021 390 2102 genitrix
407 2043 470 2104 quae
487 2021 650 2083 delectatur
666 2019 765 2082 arensi.

136 2122 306 2185 Commoda
322 2138 479 2185 tractemus
493 2127 621 2205 primum
636 2125 816 2200 communia,
833 2145 959 2206 quorum

93 2224 183 2286 Haud
200 2227 352 2287 minimum
367 2204 517 2312 illuderit,
533 2249 571 2287 ne
587 2240 615 2287 te
630 2227 750 2307 pulsare
766 2231 882 2308 togatus

90 2331 232 2407 Audeat3
254 2330 354 2404 immo,
371 2329 424 2388 etsi
438 2318 578 2410 pulsetur,
595 2328 766 2403 dissimulet,
782 2349 838 2390 nee

88 2435 209 2496 Audeat·
223 2455 365 2496 excussos
381 2433 499 2517 praetori
515 2432 673 2494 ostendere
689 2432 804 2516 dentes,

88 2539 130 2600 Er
145 2540 255 2620 nigram
271 2540 299 2599 in
315 2537 391 2599 facie
407 2538 524 2599 tumidis
539 2537 677 2599 livoribus
691 2538 793 2615 offam,

85 2645 184 2728 Atque
200 2643 319 2705 oculum
334 2642 452 2703 medico
467 2642 506 2702 nil
521 2641 709 2725 promittente
721 2643 866 2726 relietum.

84 2747 358 2832 Bardaicusjudex
374 2749 458 2810 datur
473 2749 536 2811 haec
551 2737 656 2831 punire
672 2749 780 2811 volenti

84 2853 224 2926 Calceus,
240 2866 269 2911 et
283 2853 409 2930 grandes
425 2873 539 2936 magnast
547 2851 585 2912 ad
601 2853 738 2912 subsellia
754 2871 843 2926 surae,

82 2957 215 3038 Legibus
231 2953 356 3036 antiquis
367 2965 541 3044 castrorum,
557 2966 586 3014 et
601 2974 684 3015 more
700 2951 820 3016 Camilli

82 3063 216 3136 Servato‚
233 3059 367 3122 milesne
384 3058 492 3140 vallum
507 3056 598 3142 litiget
612 3073 696 3122 extra

80 3167 121 3230 Et
136 3167 238 3248 procul
254 3187 271 3226 a
285 3165 383 3247 signis.
428 3163 593 3238 «iustissima
608 3163 811 3226 centurionum

79 3271 217 3354 Cognitio
233 3283 276 3331 est
291 3269 376 3350 igitur
391 3269 429 3327 de
443 3267 534 3327 milite
547 3289 557 3343 ;
579 3287 636 3326 neo
651 3265 722 3326 mibi
738 3267 832 3328 deerit

77 3377 168 3451 Ultio,
184 3376 205 3436 si
217 3375 301 3457 justae
318 3370 449 3462 defertur
463 3391 554 3464 causa
569 3372 707 3453 querele.
760 3363 763 3372 ’

75 3484 154 3544 Tota
169 3479 275 3542 cohors
290 3491 388 3538 tamen
405 3489 449 3538 est
463 3475 591 3554 inimica,
606 3498 769 3560 omnesque
785 3479 904 3564 manipli
